@ARTICLE{Adamow2014,
   author = {{Adam{\'o}w}, M. and {Niedzielski}, A. and {Villaver}, E. and
    {Wolszczan}, A. and {Nowak}, G.},
    title = "{The Penn State - Toru{\'n} Centre for Astronomy Planet Search stars. II. Lithium abundance analysis of the red giant clump sample}",
  journal = {\aap},
 archivePrefix = "arXiv",
   eprint = {1407.4956},
 primaryClass = "astro-ph.SR",
 keywords = {stars: fundamental parameters, stars: atmospheres, stars: late-type, techniques: spectroscopic, planetary systems},
     year = 2014,
    month = sep,
   volume = 569,
      eid = {A55},
    pages = {A55},
      doi = {10.1051/0004-6361/201423400},
   adsurl = {http://adsabs.harvard.edu/abs/2014A%26A...569A..55A},
  adsnote = {Provided by the SAO/NASA Astrophysics Data System}
}

@ARTICLE{Adibekyan2012,
   author = {{Adibekyan}, V.~Z. and {Sousa}, S.~G. and {Santos}, N.~C. and
    {Delgado Mena}, E. and {Gonz{\'a}lez Hern{\'a}ndez}, J.~I. and
    {Israelian}, G. and {Mayor}, M. and {Khachatryan}, G.},
    title = "{Chemical abundances of 1111 FGK stars from the HARPS GTO planet search program. Galactic stellar populations and planets}",
  journal = {\aap},
 archivePrefix = "arXiv",
   eprint = {1207.2388},
 primaryClass = "astro-ph.EP",
 keywords = {stars: abundances, planetary systems, stars: fundamental parameters, Galaxy: disk, solar neighborhood, stars: kinematics and dynamics},
     year = 2012,
    month = sep,
   volume = 545,
      eid = {A32},
    pages = {A32},
      doi = {10.1051/0004-6361/201219401},
   adsurl = {http://adsabs.harvard.edu/abs/2012A%26A...545A..32A},
  adsnote = {Provided by the SAO/NASA Astrophysics Data System}
}

@ARTICLE{Adibekyan2013,
   author = {{Adibekyan}, V.~Z. and {Figueira}, P. and {Santos}, N.~C. and
  {Mortier}, A. and {Mordasini}, C. and {Delgado Mena}, E. and
  {Sousa}, S.~G. and {Correia}, A.~C.~M. and {Israelian}, G. and
  {Oshagh}, M.},
    title = "{Orbital and physical properties of planets and their hosts: new insights on planet formation and evolution}",
  journal = {\aap},
archivePrefix = "arXiv",
   eprint = {1311.2417},
 primaryClass = "astro-ph.EP",
 keywords = {planetary systems, planet-disk interactions, planets and satellites: formation, stars: fundamental parameters},
     year = 2013,
    month = dec,
   volume = 560,
      eid = {A51},
    pages = {A51},
      doi = {10.1051/0004-6361/201322551},
   adsurl = {http://adsabs.harvard.edu/abs/2013A%26A...560A..51A},
  adsnote = {Provided by the SAO/NASA Astrophysics Data System}
}

@ARTICLE{Adibekyan2015,
   author = {{Adibekyan}, V.~Z. and {Benamati}, L. and {Santos}, N.~C. and
    {Alves}, S. and {Lovis}, C. and {Udry}, S. and {Israelian}, G. and
    {Sousa}, S.~G. and {Tsantaki}, M. and {Mortier}, A. and {Sozzetti}, A. and
    {De Medeiros}, J.~R.},
    title = "{Chemical abundances and kinematics of 257 G-, K-type field giants.
              Setting a base for further analysis of giant-planet properties
              orbiting evolved stars}",
  journal = {\mnras},
 archivePrefix = "arXiv",
   eprint = {1503.08346},
 primaryClass = "astro-ph.SR",
 keywords = {methods: observational, techniques: spectroscopic, stars: abundances, planetary systems},
     year = 2015,
    month = jun,
   volume = 450,
    pages = {1900-1915},
      doi = {10.1093/mnras/stv716},
   adsurl = {http://adsabs.harvard.edu/abs/2015MNRAS.450.1900A},
  adsnote = {Provided by the SAO/NASA Astrophysics Data System}
}

@ARTICLE{Adibekyan2015b,
   author = {{Adibekyan}, V. and {Figueira}, P. and {Santos}, N.~C. and {Sousa}, S.~G. and
  {Faria}, J.~P. and {Delgado-Mena}, E. and {Oshagh}, M. and {Tsantaki}, M. and
  {Hakobyan}, A.~A. and {Gonz{\'a}lez Hern{\'a}ndez}, J.~I. and
  {Su{\'a}rez-Andr{\'e}s}, L. and {Israelian}, G.},
    title = "{Identifying the best iron-peak and {$\alpha$}-capture elements for chemical tagging: The impact of the number of lines on measured scatter}",
  journal = {\aap},
 archivePrefix = "arXiv",
   eprint = {1509.02419},
 primaryClass = "astro-ph.SR",
 keywords = {stars: abundances, stars: general, stars: fundamental parameters},
     year = 2015,
    month = nov,
   volume = 583,
      eid = {A94},
    pages = {A94},
      doi = {10.1051/0004-6361/201527120},
   adsurl = {http://adsabs.harvard.edu/abs/2015A%26A...583A..94A},
  adsnote = {Provided by the SAO/NASA Astrophysics Data System}
}

@BOOK{Aerts2010,
   author = {{Aerts}, C. and {Christensen-Dalsgaard}, J. and {Kurtz}, D.~W.
  },
    title = "{Asteroseismology}",
 keywords = {Physics, Astronomy, Astrophysics and Cosmology},
 booktitle = {Asteroseismology, Astronomy and Astrophysics Library.~ISBN 978-1-4020-5178-4.~Springer Science+Business Media B.V., 2010, p.},
     year = 2010,
     publisher = "Springer-Verlag",
   adsurl = {http://adsabs.harvard.edu/abs/2010aste.book.....A},
  adsnote = {Provided by the SAO/NASA Astrophysics Data System}
}

@ARTICLE{Ammler2009,
   author = {{Ammler-von Eiff}, M. and {Santos}, N.~C. and {Sousa}, S.~G. and
    {Fernandes}, J. and {Guillot}, T. and {Israelian}, G. and {Mayor}, M. and
    {Melo}, C.},
    title = "{A homogeneous spectroscopic analysis of host stars of transiting planets}",
  journal = {\aap},
 archivePrefix = "arXiv",
   eprint = {0909.0285},
 primaryClass = "astro-ph.SR",
 keywords = {stars: fundamental parameters, planetary systems, stars: abundances, stars: statistics},
     year = 2009,
    month = nov,
   volume = 507,
    pages = {523-530},
      doi = {10.1051/0004-6361/200912360},
   adsurl = {http://adsabs.harvard.edu/abs/2009A%26A...507..523A},
  adsnote = {Provided by the SAO/NASA Astrophysics Data System}
}

@ARTICLE{Anders1989,
   author = {{Anders}, E. and {Grevesse}, N.},
    title = "{Abundances of the elements - Meteoritic and solar}",
  journal = {\gca},
 keywords = {Abundance, Chemical Analysis, Chondrites, Meteoritic Composition, Photosphere, Solar Corona, Energetic Particles, Isotopes, Solar Wind, METEORITES, ABUNDANCE, SAMPLES, METEORITE, CI CHONDRITES, SUN, CORONA, PHOTOSPHERE, REVIEW, ELEMENTS, FRACTIONATION, SOLAR SYSTEM, NUCLIDES, SOLAR WIND, CHARGED PARTICLES, RARE GASES, REFRACTORY ELEMENTS, COMETS, SIDEROPHILES, VOLATILES, NUCLEOSYNTHESIS, HALLEY, COMPARISONS},
     year = 1989,
    month = jan,
   volume = 53,
    pages = {197-214},
      doi = {10.1016/0016-7037(89)90286-X},
   adsurl = {http://adsabs.harvard.edu/abs/1989GeCoA..53..197A},
  adsnote = {Provided by the SAO/NASA Astrophysics Data System}
}

@ARTICLE{Anderson2012,
   author = {{Anderson}, D.~R. and {Collier Cameron}, A. and {Gillon}, M. and
  {Hellier}, C. and {Jehin}, E. and {Lendl}, M. and {Maxted}, P.~F.~L. and
  {Queloz}, D. and {Smalley}, B. and {Smith}, A.~M.~S. and {Triaud}, A.~H.~M.~J. and
  {West}, R.~G. and {Pepe}, F. and {Pollacco}, D. and {S{\'e}gransan}, D. and
  {Todd}, I. and {Udry}, S.},
    title = "{WASP-44b, WASP-45b and WASP-46b: three short-period, transiting extrasolar planets}",
  journal = {\mnras},
 archivePrefix = "arXiv",
   eprint = {1105.3179},
 primaryClass = "astro-ph.EP",
 keywords = {planets and satellites: individual: WASP-44b, planets and satellites: individual: WASP-45b, planets and satellites: individual: WASP-46b, stars: individual: WASP-44, stars: individual: WASP-45, stars: individual: WASP-46},
     year = 2012,
    month = may,
   volume = 422,
    pages = {1988-1998},
      doi = {10.1111/j.1365-2966.2012.20635.x},
   adsurl = {http://adsabs.harvard.edu/abs/2012MNRAS.422.1988A},
  adsnote = {Provided by the SAO/NASA Astrophysics Data System}
}

@ARTICLE{Andreasen2016,
   author = {{Andreasen}, D.~T. and {Sousa}, S.~G. and {Delgado Mena}, E. and
    {Santos}, N.~C. and {Tsantaki}, M. and {Rojas-Ayala}, B. and
    {Neves}, V.},
    title = "{Near-infrared spectroscopy of the Sun and HD 20010. Compiling a new line list in the near-infrared}",
  journal = {\aap},
 archivePrefix = "arXiv",
   eprint = {1510.08273},
 primaryClass = "astro-ph.SR",
 keywords = {Sun: atmosphere, stars: solar-type, techniques: spectroscopic, stars: fundamental parameters, stars: individual: HD 20010},
     year = 2016,
    month = jan,
   volume = 585,
      eid = {A143},
    pages = {A143},
      doi = {10.1051/0004-6361/201527308},
   adsurl = {http://adsabs.harvard.edu/abs/2016A%26A...585A.143A},
  adsnote = {Provided by the SAO/NASA Astrophysics Data System}
}

@ARTICLE{Andreasen2017a,
   author = {{Andreasen}, D.~T. and {Sousa}, S.~G. and {Tsantaki}, M. and
    {Teixeira}, G.~D.~C. and {Mortier}, A. and {Santos}, N.~C. and
    {Su\'arez-Andr\'es}, L. and {Delgado Mena}, E. and {Ferreira}, A.~C.~S.},
    title = "{SWEET-Cat update and FASMA. A new minimization procedure for stellar parameters using high-quality spectra}",
  journal = {\aap},
 archivePrefix = "arXiv",
   eprint = {1510.08273},
 primaryClass = "astro-ph.SR",
 keywords = {planetary systems -- stars: solar-type -- catalogs},
     year = 2017,
    month = jan,
   volume = 600,
      eid = {A69},
    pages = {A69},
      doi = {10.1051/0004-6361/201629967},
   adsurl = {http://adsabs.harvard.edu/abs/2017A%26A...600A.69A},
  adsnote = {Provided by the SAO/NASA Astrophysics Data System}
}

@ARTICLE{Andreasen2017b,
   author = {{Andreasen}, D.~T. and {Sousa}, S.~G. and {Delgado Mena}, E. and
    {Santos}, N.~C. and {Lebzelter}, T. and {Mucciarelli}, A. and {Neil}, J.~J.},
    title = "{High resolution near-IR spectroscopy of Arcturus and 10 Leo. Refining a near-IR iron line list}",
  journal = {\aap},
 archivePrefix = "arXiv",
   eprint = {1510.08273},
 primaryClass = "astro-ph.SR",
 keywords = {planetary systems -- stars: solar-type -- catalogs},
     year = 2017,
    month = jan,
   volume = 585,
      eid = {A143},
    pages = {A143},
      doi = {10.1051/0004-6361/201629967},
   adsurl = {http://adsabs.harvard.edu/abs/2016A%26A...585A.143A},
  adsnote = {Provided by the SAO/NASA Astrophysics Data System}
}

@ARTICLE{APOGEE,
   author = {{Allende Prieto}, C. and {Majewski}, S.~R. and {Schiavon}, R. and
  {Cunha}, K. and {Frinchaboy}, P. and {Holtzman}, J. and {Johnston}, K. and
  {Shetrone}, M. and {Skrutskie}, M. and {Smith}, V. and {Wilson}, J.
  },
    title = "{APOGEE: The Apache Point Observatory Galactic Evolution Experiment}",
  journal = {Astronomische Nachrichten},
 archivePrefix = "arXiv",
   eprint = {0809.2362},
 keywords = {Galaxy: abundances, Galaxy: kinematics and dynamics, stars: formation, stars: fundamental parameters, surveys, techniques: spectroscopic},
     year = 2008,
    month = dec,
   volume = 329,
    pages = {1018},
      doi = {10.1002/asna.200811080},
   adsurl = {http://adsabs.harvard.edu/abs/2008AN....329.1018A},
  adsnote = {Provided by the SAO/NASA Astrophysics Data System}
}

@ARTICLE{Balachandran1990,
   author = {{Balachandran}, S.},
    title = "{Lithium depletion and rotation in main-sequence stars}",
  journal = {\apj},
 keywords = {Abundance, F Stars, Lithium, Main Sequence Stars, Stellar Rotation,
             Hertzsprung-Russell Diagram, Metallicity, Spectral Line Width,
             Stellar Atmospheres, Stellar Envelopes, Stellar Temperature},
     year = 1990,
    month = may,
   volume = 354,
    pages = {310-332},
      doi = {10.1086/168691},
   adsurl = {http://cdsads.u-strasbg.fr/abs/1990ApJ...354..310B},
  adsnote = {Provided by the SAO/NASA Astrophysics Data System}
}

@ARTICLE{Baraffe2015,
   author = {{Baraffe}, I. and {Homeier}, D. and {Allard}, F. and {Chabrier}, G.
    },
    title = "{New evolutionary models for pre-main sequence and main sequence low-mass stars down to the hydrogen-burning limit}",
  journal = {\aap},
 archivePrefix = "arXiv",
   eprint = {1503.04107},
 primaryClass = "astro-ph.SR",
 keywords = {stars: evolution, stars: low-mass, stars: pre-main sequence, Hertzsprung-Russell and C-M diagrams, convection},
     year = 2015,
    month = may,
   volume = 577,
      eid = {A42},
    pages = {A42},
      doi = {10.1051/0004-6361/201425481},
   adsurl = {http://adsabs.harvard.edu/abs/2015A%26A...577A..42B},
  adsnote = {Provided by the SAO/NASA Astrophysics Data System}
}

@ARTICLE{Barclay2013,
   author = {{Barclay}, T. and {Rowe}, J.~F. and {Lissauer}, J.~J. and {Huber}, D. and
  {Fressin}, F. and {Howell}, S.~B. and {Bryson}, S.~T. and {Chaplin}, W.~J. and
  {D{\'e}sert}, J.-M. and {Lopez}, E.~D. and {Marcy}, G.~W. and
  {Mullally}, F. and {Ragozzine}, D. and {Torres}, G. and {Adams}, E.~R. and
  {Agol}, E. and {Barrado}, D. and {Basu}, S. and {Bedding}, T.~R. and
  {Buchhave}, L.~A. and {Charbonneau}, D. and {Christiansen}, J.~L. and
  {Christensen-Dalsgaard}, J. and {Ciardi}, D. and {Cochran}, W.~D. and
  {Dupree}, A.~K. and {Elsworth}, Y. and {Everett}, M. and {Fischer}, D.~A. and
  {Ford}, E.~B. and {Fortney}, J.~J. and {Geary}, J.~C. and {Haas}, M.~R. and
  {Handberg}, R. and {Hekker}, S. and {Henze}, C.~E. and {Horch}, E. and
  {Howard}, A.~W. and {Hunter}, R.~C. and {Isaacson}, H. and {Jenkins}, J.~M. and
  {Karoff}, C. and {Kawaler}, S.~D. and {Kjeldsen}, H. and {Klaus}, T.~C. and
  {Latham}, D.~W. and {Li}, J. and {Lillo-Box}, J. and {Lund}, M.~N. and
  {Lundkvist}, M. and {Metcalfe}, T.~S. and {Miglio}, A. and {Morris}, R.~L. and
  {Quintana}, E.~V. and {Stello}, D. and {Smith}, J.~C. and {Still}, M. and
  {Thompson}, S.~E.},
    title = "{A sub-Mercury-sized exoplanet}",
  journal = {\nat},
 archivePrefix = "arXiv",
   eprint = {1305.5587},
 primaryClass = "astro-ph.EP",
     year = 2013,
    month = feb,
   volume = 494,
    pages = {452-454},
      doi = {10.1038/nature11914},
   adsurl = {http://adsabs.harvard.edu/abs/2013Natur.494..452B},
  adsnote = {Provided by the SAO/NASA Astrophysics Data System}
}

@ARTICLE{Bedding2011,
   author = {{Bedding}, T.~R. and {Mosser}, B. and {Huber}, D. and {Montalb{\'a}n}, J. and
  {Beck}, P. and {Christensen-Dalsgaard}, J. and {Elsworth}, Y.~P. and
  {Garc{\'{\i}}a}, R.~A. and {Miglio}, A. and {Stello}, D. and
  {White}, T.~R. and {De Ridder}, J. and {Hekker}, S. and {Aerts}, C. and
  {Barban}, C. and {Belkacem}, K. and {Broomhall}, A.-M. and {Brown}, T.~M. and
  {Buzasi}, D.~L. and {Carrier}, F. and {Chaplin}, W.~J. and {di Mauro}, M.~P. and
  {Dupret}, M.-A. and {Frandsen}, S. and {Gilliland}, R.~L. and
  {Goupil}, M.-J. and {Jenkins}, J.~M. and {Kallinger}, T. and
  {Kawaler}, S. and {Kjeldsen}, H. and {Mathur}, S. and {Noels}, A. and
  {Silva Aguirre}, V. and {Ventura}, P.},
    title = "{Gravity modes as a way to distinguish between hydrogen- and helium-burning red giant stars}",
  journal = {\nat},
 archivePrefix = "arXiv",
   eprint = {1103.5805},
 primaryClass = "astro-ph.SR",
     year = 2011,
    month = mar,
   volume = 471,
    pages = {608-611},
      doi = {10.1038/nature09935},
   adsurl = {http://adsabs.harvard.edu/abs/2011Natur.471..608B},
  adsnote = {Provided by the SAO/NASA Astrophysics Data System}
}

@ARTICLE{Bedell2015,
   author = {{Bedell}, M. and {Mel{\'e}ndez}, J. and {Bean}, J.~L. and {Ram{\'{\i}}rez}, I. and
  {Asplund}, M. and {Alves-Brito}, A. and {Casagrande}, L. and
  {Dreizler}, S. and {Monroe}, T. and {Spina}, L. and {Tucci Maia}, M.
  },
    title = "{The Solar Twin Planet Search. II. A Jupiter twin around a solar twin}",
  journal = {\aap},
 archivePrefix = "arXiv",
   eprint = {1507.03998},
 primaryClass = "astro-ph.EP",
 keywords = {planets and satellites: detection, techniques: radial velocities, stars: activity},
     year = 2015,
    month = sep,
   volume = 581,
      eid = {A34},
    pages = {A34},
      doi = {10.1051/0004-6361/201525748},
   adsurl = {http://adsabs.harvard.edu/abs/2015A%26A...581A..34B},
  adsnote = {Provided by the SAO/NASA Astrophysics Data System}
}

@ARTICLE{Bensby2014,
   author = {{Bensby}, T. and {Feltzing}, S. and {Oey}, M.~S.},
    title = "{Exploring the Milky Way stellar disk. A detailed elemental abundance study of 714 F and G dwarf stars in the solar neighbourhood}",
  journal = {\aap},
 archivePrefix = "arXiv",
   eprint = {1309.2631},
 keywords = {Galaxy: disk, Galaxy: formation, Galaxy: evolution, stars: abundances, stars: fundamental parameters, stars: kinematics and dynamics},
     year = 2014,
    month = feb,
   volume = 562,
      eid = {A71},
    pages = {A71},
      doi = {10.1051/0004-6361/201322631},
   adsurl = {http://adsabs.harvard.edu/abs/2014A%26A...562A..71B},
  adsnote = {Provided by the SAO/NASA Astrophysics Data System}
}

@ARTICLE{Bertaux2014,
   author = {{Bertaux}, J.~L. and {Lallement}, R. and {Ferron}, S. and {Boonne}, C. and
    {Bodichon}, R.},
    title = "{TAPAS, a web-based service of atmospheric transmission computation for astronomy}",
  journal = {\aap},
 archivePrefix = "arXiv",
   eprint = {1311.4169},
 primaryClass = "astro-ph.IM",
 keywords = {atmospheric effects, techniques: spectroscopic},
     year = 2014,
    month = apr,
   volume = 564,
      eid = {A46},
    pages = {A46},
      doi = {10.1051/0004-6361/201322383},
   adsurl = {http://adsabs.harvard.edu/abs/2014A%26A...564A..46B},
  adsnote = {Provided by the SAO/NASA Astrophysics Data System}
}

@ARTICLE{Blackwell1977,
   author = {{Blackwell}, D.~E. and {Shallis}, M.~J.},
    title = "{Stellar angular diameters from infrared photometry - Application to Arcturus and other stars; with effective temperatures}",
  journal = {\mnras},
 keywords = {Astronomical Photometry, Giant Stars, Infrared Astronomy, Infrared
             Photometry, Stellar Spectrophotometry, Stellar Temperature,
             Angular Resolution, Diameters, Early Stars, Interferometry, K Stars, Luminous Intensity},
     year = 1977,
    month = jul,
   volume = 180,
    pages = {177-191},
   adsurl = {http://adsabs.harvard.edu/abs/1977MNRAS.180..177B},
  adsnote = {Provided by the SAO/NASA Astrophysics Data System}
}

@MISC{Blanco2014,
   author = {{Blanco-Cuaresma}, S. and {Soubiran}, C. and {Heiter}, U. and
    {Jofr{\'e}}, P.},
    title = "{iSpec: Stellar atmospheric parameters and chemical abundances}",
 howpublished = {Astrophysics Source Code Library},
     year = 2014,
    month = sep,
 archivePrefix = "ascl",
   eprint = {1409.006},
   adsurl = {http://adsabs.harvard.edu/abs/2014ascl.soft09006B},
  adsnote = {Provided by the SAO/NASA Astrophysics Data System}
}

@ARTICLE{Bochanski2010,
   author = {{Bochanski}, J.~J. and {Hawley}, S.~L. and {Covey}, K.~R. and
  {West}, A.~A. and {Reid}, I.~N. and {Golimowski}, D.~A. and
  {Ivezi{\'c}}, {\v Z}.},
    title = "{The Luminosity and Mass Functions of Low-mass Stars in the Galactic Disk. II. The Field}",
  journal = {\aj},
 archivePrefix = "arXiv",
   eprint = {1004.4002},
 primaryClass = "astro-ph.SR",
 keywords = {brown dwarfs, Galaxy: stellar content, Galaxy: structure, stars: fundamental parameters, stars: late-type, stars: low-mass, stars: luminosity function, mass function},
     year = 2010,
    month = jun,
   volume = 139,
      eid = {2679-2699},
    pages = {2679-2699},
      doi = {10.1088/0004-6256/139/6/2679},
   adsurl = {http://adsabs.harvard.edu/abs/2010AJ....139.2679B},
  adsnote = {Provided by the SAO/NASA Astrophysics Data System}
}

@ARTICLE{Boisse2013,
   author = {{Boisse}, I. and {Hartman}, J.~D. and {Bakos}, G.~{\'A}. and
  {Penev}, K. and {Csubry}, Z. and {B{\'e}ky}, B. and {Latham}, D.~W. and
  {Bieryla}, A. and {Torres}, G. and {Kov{\'a}cs}, G. and {Buchhave}, L.~A. and
  {Hansen}, T. and {Everett}, M. and {Esquerdo}, G.~A. and {Szklen{\'a}r}, T. and
  {Falco}, E. and {Shporer}, A. and {Fulton}, B.~J. and {Noyes}, R.~W. and
  {Stefanik}, R.~P. and {L{\'a}z{\'a}r}, J. and {Papp}, I. and
  {S{\'a}ri}, P.},
    title = "{HAT-P-42b and HAT-P-43b. Two inflated transiting hot Jupiters from the HATNet Survey}",
  journal = {\aap},
 archivePrefix = "arXiv",
   eprint = {1212.6448},
 primaryClass = "astro-ph.EP",
 keywords = {planetary systems, techniques: radial velocities, techniques: photometric, stars: individual: HAT-P-42, stars: individual: HAT-P-43},
     year = 2013,
    month = oct,
   volume = 558,
      eid = {A86},
    pages = {A86},
      doi = {10.1051/0004-6361/201220993},
   adsurl = {http://adsabs.harvard.edu/abs/2013A%26A...558A..86B},
  adsnote = {Provided by the SAO/NASA Astrophysics Data System}
}

@ARTICLE{Bonfils2013,
    author = {{Bonfils}, X. and {Delfosse}, X. and {Udry}, S. and {Forveille}, T. and
    {Mayor}, M. and {Perrier}, C. and {Bouchy}, F. and {Gillon}, M. and
    {Lovis}, C. and {Pepe}, F. and {Queloz}, D. and {Santos}, N.~C. and
    {S{\'e}gransan}, D. and {Bertaux}, J.-L.},
    title = "{The HARPS search for southern extra-solar planets. XXXI. The M-dwarf sample}",
    journal = {\aap},
     archivePrefix = "arXiv",
    eprint = {1111.5019},
    primaryClass = "astro-ph.EP",
    keywords = {planetary systems, techniques: radial velocities, methods: data analysis},
    year = 2013,
    month = jan,
    volume = 549,
    eid = {A109},
    pages = {A109},
    doi = {10.1051/0004-6361/201014704},
    adsurl = {http://adsabs.harvard.edu/abs/2013A%26A...549A.109B},
    adsnote = {Provided by the SAO/NASA Astrophysics Data System}
}

@ARTICLE{Boyajian2012,
   author = {{Boyajian}, T.~S. and {von Braun}, K. and {van Belle}, G. and
    {McAlister}, H.~A. and {ten Brummelaar}, T.~A. and {Kane}, S.~R. and
    {Muirhead}, P.~S. and {Jones}, J. and {White}, R. and {Schaefer}, G. and
    {Ciardi}, D. and {Henry}, T. and {L{\'o}pez-Morales}, M. and
    {Ridgway}, S. and {Gies}, D. and {Jao}, W.-C. and {Rojas-Ayala}, B. and
    {Parks}, J.~R. and {Sturmann}, L. and {Sturmann}, J. and {Turner}, N.~H. and
    {Farrington}, C. and {Goldfinger}, P.~J. and {Berger}, D.~H.
    },
    title = "{Stellar Diameters and Temperatures. II. Main-sequence K- and M-stars}",
  journal = {\apj},
 archivePrefix = "arXiv",
   eprint = {1208.2431},
 primaryClass = "astro-ph.SR",
 keywords = {Hertzsprung-Russell and C-M diagrams, infrared: stars, planetary
             systems, stars: atmospheres, stars: fundamental parameters, stars:
             general, stars: late-type, stars: low-mass, techniques:
             high angular resolution, techniques: interferometric},
     year = 2012,
    month = oct,
   volume = 757,
      eid = {112},
    pages = {112},
      doi = {10.1088/0004-637X/757/2/112},
   adsurl = {http://adsabs.harvard.edu/abs/2012ApJ...757..112B},
  adsnote = {Provided by the SAO/NASA Astrophysics Data System}
}

@ARTICLE{Brucalassi2014,
   author = {{Brucalassi}, A. and {Pasquini}, L. and {Saglia}, R. and {Ruiz}, M.~T. and
  {Bonifacio}, P. and {Bedin}, L.~R. and {Biazzo}, K. and {Melo}, C. and
  {Lovis}, C. and {Randich}, S.},
    title = "{Three planetary companions around M 67 stars}",
  journal = {\aap},
 archivePrefix = "arXiv",
   eprint = {1401.4905},
 primaryClass = "astro-ph.SR",
 keywords = {planets and satellites: detection, planetary systems, open clusters and associations: individual: M 67},
     year = 2014,
    month = jan,
   volume = 561,
      eid = {L9},
    pages = {L9},
      doi = {10.1051/0004-6361/201322584},
   adsurl = {http://adsabs.harvard.edu/abs/2014A%26A...561L...9B},
  adsnote = {Provided by the SAO/NASA Astrophysics Data System}
}

@ARTICLE{Bryan2012,
   author = {{Bryan}, M.~L. and {Alsubai}, K.~A. and {Latham}, D.~W. and
  {Parley}, N.~R. and {Collier Cameron}, A. and {Quinn}, S.~N. and
  {Carter}, J.~A. and {Fulton}, B.~J. and {Berlind}, P. and {Brown}, W.~R. and
  {Buchhave}, L.~A. and {Calkins}, M.~L. and {Esquerdo}, G.~A. and
  {F{\H u}r{\'e}sz}, G. and {Gr{\aa}e J{\o}rgensen}, U. and {Horne}, K.~D. and
  {Stefanik}, R.~P. and {Street}, R.~A. and {Torres}, G. and {West}, R.~G. and
  {Dominik}, M. and {Harps{\o}e}, K.~B.~W. and {Liebig}, C. and
  {Calchi Novati}, S. and {Ricci}, D. and {Skottfelt}, J.~F.},
    title = "{Qatar-2: A K Dwarf Orbited by a Transiting Hot Jupiter and a More Massive Companion in an Outer Orbit}",
  journal = {\apj},
 archivePrefix = "arXiv",
   eprint = {1110.5912},
 primaryClass = "astro-ph.EP",
 keywords = {planetary systems, stars: individual: Qatar-2, techniques: photometric, techniques: radial velocities, techniques: spectroscopic},
     year = 2012,
    month = may,
   volume = 750,
      eid = {84},
    pages = {84},
      doi = {10.1088/0004-637X/750/1/84},
   adsurl = {http://adsabs.harvard.edu/abs/2012ApJ...750...84B},
  adsnote = {Provided by the SAO/NASA Astrophysics Data System}
}

@ARTICLE{Campante2015,
   author = {{Campante}, T.~L. and {Barclay}, T. and {Swift}, J.~J. and {Huber}, D. and
    {Adibekyan}, V.~Z. and {Cochran}, W. and {Burke}, C.~J. and
    {Isaacson}, H. and {Quintana}, E.~V. and {Davies}, G.~R. and
    {Silva Aguirre}, V. and {Ragozzine}, D. and {Riddle}, R. and
    {Baranec}, C. and {Basu}, S. and {Chaplin}, W.~J. and {Christensen-Dalsgaard}, J. and
    {Metcalfe}, T.~S. and {Bedding}, T.~R. and {Handberg}, R. and
    {Stello}, D. and {Brewer}, J.~M. and {Hekker}, S. and {Karoff}, C. and
    {Kolbl}, R. and {Law}, N.~M. and {Lundkvist}, M. and {Miglio}, A. and
    {Rowe}, J.~F. and {Santos}, N.~C. and {Van Laerhoven}, C. and
    {Arentoft}, T. and {Elsworth}, Y.~P. and {Fischer}, D.~A. and
    {Kawaler}, S.~D. and {Kjeldsen}, H. and {Lund}, M.~N. and {Marcy}, G.~W. and
    {Sousa}, S.~G. and {Sozzetti}, A. and {White}, T.~R.},
    title = "{An Ancient Extrasolar System with Five Sub-Earth-size Planets}",
  journal = {\apj},
 archivePrefix = "arXiv",
   eprint = {1501.06227},
 primaryClass = "astro-ph.EP",
 keywords = {Galaxy: disk, planetary systems, stars: individual: HIP 94931, stars: late-type, stars: oscillations, techniques: photometric},
     year = 2015,
    month = feb,
   volume = 799,
      eid = {170},
    pages = {170},
      doi = {10.1088/0004-637X/799/2/170},
   adsurl = {http://adsabs.harvard.edu/abs/2015ApJ...799..170C},
  adsnote = {Provided by the SAO/NASA Astrophysics Data System}
}

@INPROCEEDINGS{CARMENES,
   author = {{Quirrenbach}, A. and {Amado}, P.~J. and {Caballero}, J.~A. and
    {Mundt}, R. and {Reiners}, A. and {Ribas}, I. and {Seifert}, W. and
    {Abril}, M. and {Aceituno}, J. and {Alonso-Floriano}, F.~J. and
    {Ammler-von Eiff}, M. and {Antona Jim{\'e}nez}, R. and {Anwand-Heerwart}, H. and
    {Azzaro}, M. and {Bauer}, F. and {Barrado}, D. and {Becerril}, S. and
    {B{\'e}jar}, V.~J.~S. and {Ben{\'{\i}}tez}, D. and {Berdi{\~n}as}, Z.~M. and
    {C{\'a}rdenas}, M.~C. and {Casal}, E. and {Claret}, A. and {Colom{\'e}}, J. and
    {Cort{\'e}s-Contreras}, M. and {Czesla}, S. and {Doellinger}, M. and
    {Dreizler}, S. and {Feiz}, C. and {Fern{\'a}ndez}, M. and {Galad{\'{\i}}}, D. and
    {G{\'a}lvez-Ortiz}, M.~C. and {Garc{\'{\i}}a-Piquer}, A. and
    {Garc{\'{\i}}a-Vargas}, M.~L. and {Garrido}, R. and {Gesa}, L. and
    {G{\'o}mez Galera}, V. and {Gonz{\'a}lez {\'A}lvarez}, E. and
    {Gonz{\'a}lez Hern{\'a}ndez}, J.~I. and {Gr{\"o}zinger}, U. and
    {Gu{\`a}rdia}, J. and {Guenther}, E.~W. and {de Guindos}, E. and
    {Guti{\'e}rrez-Soto}, J. and {Hagen}, H.-J. and {Hatzes}, A.~P. and
    {Hauschildt}, P.~H. and {Helmling}, J. and {Henning}, T. and
    {Hermann}, D. and {Hern{\'a}ndez Casta{\~n}o}, L. and {Herrero}, E. and
    {Hidalgo}, D. and {Holgado}, G. and {Huber}, A. and {Huber}, K.~F. and
    {Jeffers}, S. and {Joergens}, V. and {de Juan}, E. and {Kehr}, M. and
    {Klein}, R. and {K{\"u}rster}, M. and {Lamert}, A. and {Lalitha}, S. and
    {Laun}, W. and {Lemke}, U. and {Lenzen}, R. and {L{\'o}pez del Fresno}, M. and
    {L{\'o}pez Mart{\'{\i}}}, B. and {L{\'o}pez-Santiago}, J. and
    {Mall}, U. and {Mandel}, H. and {Mart{\'{\i}}n}, E.~L. and {Mart{\'{\i}}n-Ruiz}, S. and
    {Mart{\'{\i}}nez-Rodr{\'{\i}}guez}, H. and {Marvin}, C.~J. and
    {Mathar}, R.~J. and {Mirabet}, E. and {Montes}, D. and {Morales Mu{\~n}oz}, R. and
    {Moya}, A. and {Naranjo}, V. and {Ofir}, A. and {Oreiro}, R. and
    {Pall{\'e}}, E. and {Panduro}, J. and {Passegger}, V.-M. and
    {P{\'e}rez-Calpena}, A. and {P{\'e}rez Medialdea}, D. and {Perger}, M. and
    {Pluto}, M. and {Ram{\'o}n}, A. and {Rebolo}, R. and {Redondo}, P. and
    {Reffert}, S. and {Reinhardt}, S. and {Rhode}, P. and {Rix}, H.-W. and
    {Rodler}, F. and {Rodr{\'{\i}}guez}, E. and {Rodr{\'{\i}}guez-L{\'o}pez}, C. and
    {Rodr{\'{\i}}guez-P{\'e}rez}, E. and {Rohloff}, R.-R. and {Rosich}, A. and
    {S{\'a}nchez-Blanco}, E. and {S{\'a}nchez Carrasco}, M.~A. and
    {Sanz-Forcada}, J. and {Sarmiento}, L.~F. and {Sch{\"a}fer}, S. and
    {Schiller}, J. and {Schmidt}, C. and {Schmitt}, J.~H.~M.~M. and
    {Solano}, E. and {Stahl}, O. and {Storz}, C. and {St{\"u}rmer}, J. and
    {Su{\'a}rez}, J.~C. and {Ulbrich}, R.~G. and {Veredas}, G. and
    {Wagner}, K. and {Winkler}, J. and {Zapatero Osorio}, M.~R. and
    {Zechmeister}, M. and {Abell{\'a}n de Paco}, F.~J. and {Anglada-Escud{\'e}}, G. and
    {del Burgo}, C. and {Klutsch}, A. and {Lizon}, J.~L. and {L{\'o}pez-Morales}, M. and
    {Morales}, J.~C. and {Perryman}, M.~A.~C. and {Tulloch}, S.~M. and
    {Xu}, W.},
    title = "{CARMENES instrument overview}",
 booktitle = {Society of Photo-Optical Instrumentation Engineers (SPIE) Conference Series},
     year = 2014,
   series = {Society of Photo-Optical Instrumentation Engineers (SPIE) Conference Series},
   volume = 9147,
    month = jul,
      eid = {91471F},
    pages = {1},
      doi = {10.1117/12.2056453},
   adsurl = {http://adsabs.harvard.edu/abs/2014SPIE.9147E..1FQ},
  adsnote = {Provided by the SAO/NASA Astrophysics Data System}
}

@INPROCEEDINGS{Caryel1988,
   author = {{Cayrel}, R.},
    title = "{Data Analysis}",
 booktitle = {The Impact of Very High S/N Spectroscopy on Stellar Physics},
     year = 1988,
   series = {IAU Symposium},
   volume = 132,
   editor = {{Cayrel de Strobel}, G. and {Spite}, M.},
    pages = {345},
   adsurl = {http://adsabs.harvard.edu/abs/1988IAUS..132..345C},
  adsnote = {Provided by the SAO/NASA Astrophysics Data System}
}

@ARTICLE{Casagrande2006,
   author = {{Casagrande}, L. and {Portinari}, L. and {Flynn}, C.},
    title = "{Accurate fundamental parameters for lower main-sequence stars}",
  journal = {\mnras},
   eprint = {astro-ph/0608504},
 keywords = {techniques: photometric, stars: atmospheres, stars: fundamental parameters, Hertzsprung, Russell (HR) diagram, stars: late-type, infrared: stars},
     year = 2006,
    month = nov,
   volume = 373,
    pages = {13-44},
      doi = {10.1111/j.1365-2966.2006.10999.x},
   adsurl = {http://adsabs.harvard.edu/abs/2006MNRAS.373...13C},
  adsnote = {Provided by the SAO/NASA Astrophysics Data System}
}

@ARTICLE{Casagrande2010,
   author = {{Casagrande}, L. and {Ram{\'{\i}}rez}, I. and {Mel{\'e}ndez}, J. and
    {Bessell}, M. and {Asplund}, M.},
    title = "{An absolutely calibrated T$_{eff}$ scale from the infrared flux method. Dwarfs and subgiants}",
  journal = {\aap},
 archivePrefix = "arXiv",
   eprint = {1001.3142},
 primaryClass = "astro-ph.SR",
 keywords = {stars: fundamental parameters, stars: abundances, stars: atmospheres, infrared: stars, techniques: photometric},
     year = 2010,
    month = mar,
   volume = 512,
      eid = {A54},
    pages = {A54},
      doi = {10.1051/0004-6361/200913204},
   adsurl = {http://adsabs.harvard.edu/abs/2010A%26A...512A..54C},
  adsnote = {Provided by the SAO/NASA Astrophysics Data System}
}

@ARTICLE{Chaplin2011,
   author = {{Chaplin}, W.~J. and {Kjeldsen}, H. and {Christensen-Dalsgaard}, J. and
  {Basu}, S. and {Miglio}, A. and {Appourchaux}, T. and {Bedding}, T.~R. and
  {Elsworth}, Y. and {Garc{\'{\i}}a}, R.~A. and {Gilliland}, R.~L. and
  {Girardi}, L. and {Houdek}, G. and {Karoff}, C. and {Kawaler}, S.~D. and
  {Metcalfe}, T.~S. and {Molenda-{\.Z}akowicz}, J. and {Monteiro}, M.~J.~P.~F.~G. and
  {Thompson}, M.~J. and {Verner}, G.~A. and {Ballot}, J. and {Bonanno}, A. and
  {Brand{\~a}o}, I.~M. and {Broomhall}, A.-M. and {Bruntt}, H. and
  {Campante}, T.~L. and {Corsaro}, E. and {Creevey}, O.~L. and
  {Do{\u g}an}, G. and {Esch}, L. and {Gai}, N. and {Gaulme}, P. and
  {Hale}, S.~J. and {Handberg}, R. and {Hekker}, S. and {Huber}, D. and
  {Jim{\'e}nez}, A. and {Mathur}, S. and {Mazumdar}, A. and {Mosser}, B. and
  {New}, R. and {Pinsonneault}, M.~H. and {Pricopi}, D. and {Quirion}, P.-O. and
  {R{\'e}gulo}, C. and {Salabert}, D. and {Serenelli}, A.~M. and
  {Silva Aguirre}, V. and {Sousa}, S.~G. and {Stello}, D. and
  {Stevens}, I.~R. and {Suran}, M.~D. and {Uytterhoeven}, K. and
  {White}, T.~R. and {Borucki}, W.~J. and {Brown}, T.~M. and {Jenkins}, J.~M. and
  {Kinemuchi}, K. and {Van Cleve}, J. and {Klaus}, T.~C.},
    title = "{Ensemble Asteroseismology of Solar-Type Stars with the NASA Kepler Mission}",
  journal = {Science},
 archivePrefix = "arXiv",
   eprint = {1109.4723},
 primaryClass = "astro-ph.SR",
     year = 2011,
    month = apr,
   volume = 332,
    pages = {213},
      doi = {10.1126/science.1201827},
   adsurl = {http://adsabs.harvard.edu/abs/2011Sci...332..213C},
  adsnote = {Provided by the SAO/NASA Astrophysics Data System}
}

@ARTICLE{Christensen-Dalsgaard2010,
   author = {{Christensen-Dalsgaard}, J. and {Kjeldsen}, H. and {Brown}, T.~M. and
  {Gilliland}, R.~L. and {Arentoft}, T. and {Frandsen}, S. and
  {Quirion}, P.-O. and {Borucki}, W.~J. and {Koch}, D. and {Jenkins}, J.~M.
  },
    title = "{Asteroseismic Investigation of Known Planet Hosts in the Kepler Field}",
  journal = {\apjl},
 archivePrefix = "arXiv",
   eprint = {1001.0032},
 primaryClass = "astro-ph.SR",
 keywords = {planetary systems, stars: fundamental parameters, stars: oscillations},
     year = 2010,
    month = apr,
   volume = 713,
    pages = {L164-L168},
      doi = {10.1088/2041-8205/713/2/L164},
   adsurl = {http://adsabs.harvard.edu/abs/2010ApJ...713L.164C},
  adsnote = {Provided by the SAO/NASA Astrophysics Data System}
}

@ARTICLE{Collins2014,
   author = {{Collins}, K.~A. and {Eastman}, J.~D. and {Beatty}, T.~G. and
  {Siverd}, R.~J. and {Gaudi}, B.~S. and {Pepper}, J. and {Kielkopf}, J.~F. and
  {Johnson}, J.~A. and {Howard}, A.~W. and {Fischer}, D.~A. and
  {Manner}, M. and {Bieryla}, A. and {Latham}, D.~W. and {Fulton}, B.~J. and
  {Gregorio}, J. and {Buchhave}, L.~A. and {Jensen}, E.~L.~N. and
  {Stassun}, K.~G. and {Penev}, K. and {Crepp}, J.~R. and {Hinkley}, S. and
  {Street}, R.~A. and {Cargile}, P. and {Mack}, C.~E. and {Oberst}, T.~E. and
  {Avril}, R.~L. and {Mellon}, S.~N. and {McLeod}, K.~K. and {Penny}, M.~T. and
  {Stefanik}, R.~P. and {Berlind}, P. and {Calkins}, M.~L. and
  {Mao}, Q. and {Richert}, A.~J.~W. and {DePoy}, D.~L. and {Esquerdo}, G.~A. and
  {Gould}, A. and {Marshall}, J.~L. and {Oelkers}, R.~J. and {Pogge}, R.~W. and
  {Trueblood}, M. and {Trueblood}, P.},
    title = "{KELT-6b: A P \~{} 7.9 Day Hot Saturn Transiting a Metal-poor Star with a Long-period Companion}",
  journal = {\aj},
 archivePrefix = "arXiv",
   eprint = {1308.2296},
 primaryClass = "astro-ph.EP",
 keywords = {instrumentation: adaptive optics, planetary systems, stars: individual: KELT-6 BD+31 2447 TYC 2532-556-1 HD 209458, techniques: photometric, techniques: spectroscopic},
     year = 2014,
    month = feb,
   volume = 147,
      eid = {39},
    pages = {39},
      doi = {10.1088/0004-6256/147/2/39},
   adsurl = {http://adsabs.harvard.edu/abs/2014AJ....147...39C},
  adsnote = {Provided by the SAO/NASA Astrophysics Data System}
}

@INPROCEEDINGS{CRIRESp,
   author = {{Follert}, R. and {Dorn}, R.~J. and {Oliva}, E. and {Lizon}, J.~L. and
    {Hatzes}, A. and {Piskunov}, N. and {Reiners}, A. and {Seemann}, U. and
    {Stempels}, E. and {Heiter}, U. and {Marquart}, T. and {Lockhart}, M. and
    {Anglada-Escude}, G. and {L{\"o}winger}, T. and {Baade}, D. and
    {Grunhut}, J. and {Bristow}, P. and {Klein}, B. and {Jung}, Y. and
    {Ives}, D.~J. and {Kerber}, F. and {Pozna}, E. and {Paufique}, J. and
    {Kaeufl}, H.~U. and {Origlia}, L. and {Valenti}, E. and {Gojak}, D. and
    {Hilker}, M. and {Pasquini}, L. and {Smette}, A. and {Smoker}, J.
    },
    title = "{CRIRES+: a cross-dispersed high-resolution infrared spectrograph for the ESO VLT}",
 booktitle = {Society of Photo-Optical Instrumentation Engineers (SPIE) Conference Series},
     year = 2014,
   series = {Society of Photo-Optical Instrumentation Engineers (SPIE) Conference Series},
   volume = 9147,
    month = jul,
      eid = {914719},
    pages = {19},
      doi = {10.1117/12.2054197},
   adsurl = {http://adsabs.harvard.edu/abs/2014SPIE.9147E..19F},
  adsnote = {Provided by the SAO/NASA Astrophysics Data System}
}

@ARTICLE{Czekala2015,
   author = {{Czekala}, I. and {Andrews}, S.~M. and {Mandel}, K.~S. and {Hogg}, D.~W. and
  {Green}, G.~M.},
    title = "{Constructing a Flexible Likelihood Function for Spectroscopic Inference}",
  journal = {\apj},
 archivePrefix = "arXiv",
   eprint = {1412.5177},
 primaryClass = "astro-ph.SR",
 keywords = {methods: data analysis, methods: statistical, stars: fundamental parameters, stars: late-type, stars: statistics, techniques: spectroscopic},
     year = 2015,
    month = oct,
   volume = 812,
      eid = {128},
    pages = {128},
      doi = {10.1088/0004-637X/812/2/128},
   adsurl = {http://adsabs.harvard.edu/abs/2015ApJ...812..128C},
  adsnote = {Provided by the SAO/NASA Astrophysics Data System}
}

@ARTICLE{daSilva2011,
   author = {{da Silva}, R. and {Milone}, A.~C. and {Reddy}, B.~E.},
    title = "{Homogeneous photospheric parameters and C abundances in G and K nearby stars with and without planets}",
  journal = {\aap},
 archivePrefix = "arXiv",
   eprint = {1011.5768},
 primaryClass = "astro-ph.SR",
 keywords = {stars: fundamental parameters, stars: abundances, methods: data analysis, planetary systems},
     year = 2011,
    month = feb,
   volume = 526,
      eid = {A71},
    pages = {A71},
      doi = {10.1051/0004-6361/201015907},
   adsurl = {http://adsabs.harvard.edu/abs/2011A%26A...526A..71D},
  adsnote = {Provided by the SAO/NASA Astrophysics Data System}
}

@ARTICLE{Delrez2014,
   author = {{Delrez}, L. and {Van Grootel}, V. and {Anderson}, D.~R. and
  {Collier-Cameron}, A. and {Doyle}, A.~P. and {Fumel}, A. and
  {Gillon}, M. and {Hellier}, C. and {Jehin}, E. and {Lendl}, M. and
  {Neveu-VanMalle}, M. and {Maxted}, P.~F.~L. and {Pepe}, F. and
  {Pollacco}, D. and {Queloz}, D. and {S{\'e}gransan}, D. and
  {Smalley}, B. and {Smith}, A.~M.~S. and {Southworth}, J. and
  {Triaud}, A.~H.~M.~J. and {Udry}, S. and {West}, R.~G.},
    title = "{Transiting planets from WASP-South, Euler, and TRAPPIST. WASP-68 b, WASP-73 b, and WASP-88 b, three hot Jupiters transiting evolved solar-type stars}",
  journal = {\aap},
 archivePrefix = "arXiv",
   eprint = {1312.1827},
 primaryClass = "astro-ph.EP",
 keywords = {planetary systems, techniques: photometric, techniques: radial velocities, techniques: spectroscopic},
     year = 2014,
    month = mar,
   volume = 563,
      eid = {A143},
    pages = {A143},
      doi = {10.1051/0004-6361/201323204},
   adsurl = {http://adsabs.harvard.edu/abs/2014A%26A...563A.143D},
  adsnote = {Provided by the SAO/NASA Astrophysics Data System}
}

@ARTICLE{Dotter2008,
   author = {{Dotter}, A. and {Chaboyer}, B. and {Jevremovi{\'c}}, D. and
    {Kostov}, V. and {Baron}, E. and {Ferguson}, J.~W.},
    title = "{The Dartmouth Stellar Evolution Database}",
  journal = {\apjs},
 archivePrefix = "arXiv",
   eprint = {0804.4473},
 keywords = {Galaxy: Globular Clusters: General, Galaxy: Open Clusters and Associations: General, Stars: Evolution},
     year = 2008,
    month = sep,
   volume = 178,
    pages = {89-101},
      doi = {10.1086/589654},
   adsurl = {http://adsabs.harvard.edu/abs/2008ApJS..178...89D},
  adsnote = {Provided by the SAO/NASA Astrophysics Data System}
}

@ARTICLE{Dressing2013,
    abstract = {We use the optical and near-infrared photometry from the Kepler
               Input Catalog to provide improved estimates of the stellar
               characteristics of the smallest stars in the Kepler target list.
               We find 3897 dwarfs with temperatures below 4000K, including 64
               planet candidate host stars orbited by 95 transiting planet
               candidates. We refit the transit events in the Kepler light
               curves for these planet candidates and combine the revised
               planet/star radius ratios with our improved stellar radii to
               revise the radii of the planet candidates orbiting the cool
               target stars. We then compare the number of observed planet
               candidates to the number of stars around which such planets
               could have been detected in order to estimate the planet
               occurrence rate around cool stars. We find that the occurrence
               rate of 0.5-4 Earth radius planets with orbital periods shorter
               than 50 days is 0.90 (+0.04/-0.03) planets per star. The
               occurrence rate of Earth-size (0.5-1.4 Earth radius) planets is
               constant across the temperature range of our sample at 0.51
               (+0.06/-0.05) Earth-size planets per star, but the occurrence of
               1.4-4 Earth radius planets decreases significantly at cooler
               temperatures. Our sample includes 2 Earth-size planet candidates
               in the habitable zone, allowing us to estimate that the mean
               number of Earth-size planets in the habitable zone is 0.15
               (+0.13/-0.06) planets per cool star. Our 95\% confidence lower
               limit on the occurrence rate of Earth-size planets in the
               habitable zones of cool stars is 0.04 planets per star. With
               95\% confidence, the nearest transiting Earth-size planet in the
               habitable zone of a cool star is within 21 pc. Moreover, the
               nearest non-transiting planet in the habitable zone is within
               5 pc with 95\% confidence.},
     archivePrefix = {arXiv},
    arxivId = {1302.1647},
    author = {Dressing, Courtney D. and Charbonneau, David},
    doi = {10.1088/0004-637X/767/1/95},
    eprint = {1302.1647},
    issn = {0004-637X},
    journal = {The Astrophysical Journal},
    pages = {95},
    title = {{THE OCCURRENCE RATE OF SMALL PLANETS AROUND SMALL STARS}},
    url = {http://labs.adsabs.harvard.edu/ui/abs/2013ApJ...767...95D},
    volume = {767},
    year = {2013}
}

@ARTICLE{Ducati2002,
   author = {{Ducati}, J.~R.},
    title = "{VizieR Online Data Catalog: Catalogue of Stellar Photometry in Johnson's 11-color system.}",
  journal = {VizieR Online Data Catalog},
 keywords = {Photometry: UBVRIJKLMNH},
     year = 2002,
   volume = 2237,
   adsurl = {http://cdsads.u-strasbg.fr/abs/2002yCat.2237....0D},
  adsnote = {Provided by the SAO/NASA Astrophysics Data System}
}

@INPROCEEDINGS{ESPADONS,
   author = {{Donati}, J.-F.},
    title = "{ESPaDOnS: An Echelle SpectroPolarimetric Device for the Observation of Stars at CFHT}",
 booktitle = {Solar Polarization},
     year = 2003,
   series = {Astronomical Society of the Pacific Conference Series},
   volume = 307,
   editor = {{Trujillo-Bueno}, J. and {Sanchez Almeida}, J.},
    pages = {41},
   adsurl = {http://adsabs.harvard.edu/abs/2003ASPC..307...41D},
  adsnote = {Provided by the SAO/NASA Astrophysics Data System}
}

@ARTICLE{Favata1997,
   author = {{Favata}, F. and {Micela}, G. and {Sciortino}, S.},
    title = "{The [Fe/H] distribution of a volume limited sample of solar-type stars and its implications for galactic chemical evolution.}",
  journal = {\aap},
 keywords = {STARS: ABUNDANCES, STARS: LATE-TYPE, STARS: FORMATION, GALAXY: EVOLUTION},
     year = 1997,
    month = jul,
   volume = 323,
    pages = {809-818},
   adsurl = {http://cdsads.u-strasbg.fr/abs/1997A%26A...323..809F},
  adsnote = {Provided by the SAO/NASA Astrophysics Data System}
}

@ARTICLE{FEROS,
   author = {{Kaufer}, A. and {Stahl}, O. and {Tubbesing}, S. and {N{\o}rregaard}, P. and
    {Avila}, G. and {Francois}, P. and {Pasquini}, L. and {Pizzella}, A.
    },
    title = "{Commissioning FEROS, the new high-resolution spectrograph at La-Silla.}",
  journal = {The Messenger},
 keywords = {Spectrographs: Data Processing},
     year = 1999,
    month = mar,
   volume = 95,
    pages = {8-12},
   adsurl = {http://adsabs.harvard.edu/abs/1999Msngr..95....8K},
  adsnote = {Provided by the SAO/NASA Astrophysics Data System}
}

@INPROCEEDINGS{FIES,
   author = {{Frandsen}, S. and {Lindberg}, B.},
    title = "{FIES: A high resolution FIber fed Echelle Spectrograph for the NOT (poster)}",
 booktitle = {Astrophysics with the NOT},
     year = 1999,
   editor = {{Karttunen}, H. and {Piirola}, V.},
    pages = {71},
   adsurl = {http://adsabs.harvard.edu/abs/1999anot.conf...71F},
  adsnote = {Provided by the SAO/NASA Astrophysics Data System}
}

@ARTICLE{GAIA,
   author = {{Gaia Collaboration} and {Prusti}, T. and {de Bruijne}, J.~H.~J. and
  {Brown}, A.~G.~A. and {Vallenari}, A. and {Babusiaux}, C. and
  {Bailer-Jones}, C.~A.~L. and {Bastian}, U. and {Biermann}, M. and
  {Evans}, D.~W. and et al.},
    title = "{The Gaia mission}",
  journal = {\aap},
 archivePrefix = "arXiv",
   eprint = {1609.04153},
 primaryClass = "astro-ph.IM",
 keywords = {space vehicles: instruments, Galaxy: structure, astrometry, parallaxes, proper motions, telescopes},
     year = 2016,
    month = nov,
   volume = 595,
      eid = {A1},
    pages = {A1},
      doi = {10.1051/0004-6361/201629272},
   adsurl = {http://adsabs.harvard.edu/abs/2016A%26A...595A...1G},
  adsnote = {Provided by the SAO/NASA Astrophysics Data System}
}

@INPROCEEDINGS{GIANO,
   author = {{Origlia}, L. and {Oliva}, E. and {Baffa}, C. and {Falcini}, G. and
    {Giani}, E. and {Massi}, F. and {Montegriffo}, P. and {Sanna}, N. and
    {Scuderi}, S. and {Sozzi}, M. and {Tozzi}, A. and {Carleo}, I. and
    {Gratton}, R. and {Ghinassi}, F. and {Lodi}, M.},
    title = "{High resolution near IR spectroscopy with GIANO-TNG}",
 booktitle = {Society of Photo-Optical Instrumentation Engineers (SPIE) Conference Series},
     year = 2014,
   series = {Society of Photo-Optical Instrumentation Engineers (SPIE) Conference Series},
   volume = 9147,
    month = jul,
      eid = {91471E},
    pages = {1},
      doi = {10.1117/12.2054743},
   adsurl = {http://adsabs.harvard.edu/abs/2014SPIE.9147E..1EO},
  adsnote = {Provided by the SAO/NASA Astrophysics Data System}
}

@ARTICLE{Gillon2013,
   author = {{Gillon}, M. and {Anderson}, D.~R. and {Collier-Cameron}, A. and
  {Doyle}, A.~P. and {Fumel}, A. and {Hellier}, C. and {Jehin}, E. and
  {Lendl}, M. and {Maxted}, P.~F.~L. and {Montalb{\'a}n}, J. and
  {Pepe}, F. and {Pollacco}, D. and {Queloz}, D. and {S{\'e}gransan}, D. and
  {Smith}, A.~M.~S. and {Smalley}, B. and {Southworth}, J. and
  {Triaud}, A.~H.~M.~J. and {Udry}, S. and {West}, R.~G.},
    title = "{WASP-64 b and WASP-72 b: two new transiting highly irradiated giant planets}",
  journal = {\aap},
 archivePrefix = "arXiv",
   eprint = {1210.4257},
 primaryClass = "astro-ph.EP",
 keywords = {planetary systems, stars: individual: WASP-64, techniques: photometric, techniques: radial velocities, techniques: spectroscopic, stars: individual: WASP-72},
     year = 2013,
    month = apr,
   volume = 552,
      eid = {A82},
    pages = {A82},
      doi = {10.1051/0004-6361/201220561},
   adsurl = {http://adsabs.harvard.edu/abs/2013A%26A...552A..82G},
  adsnote = {Provided by the SAO/NASA Astrophysics Data System}
}

@ARTICLE{Girardi2000,
   author = {{Girardi}, L. and {Bressan}, A. and {Bertelli}, G. and {Chiosi}, C.
        },
    title = "{Evolutionary tracks and isochrones for low- and intermediate-mass stars: From 0.15 to 7 M$_{sun}$, and from Z=0.0004 to 0.03}",
  journal = {\aaps},
   eprint = {astro-ph/9910164},
 keywords = {STARS: EVOLUTION, STARS: INTERIORS, STARS: HERTZSPRUNG-RUSSELL (HR) DIAGRAM, STARS: LOW-MASS},
     year = 2000,
    month = feb,
   volume = 141,
    pages = {371-383},
      doi = {10.1051/aas:2000126},
   adsurl = {http://adsabs.harvard.edu/abs/2000A%26AS..141..371G},
  adsnote = {Provided by the SAO/NASA Astrophysics Data System}
}

@ARTICLE{Gomez2013,
   author = {{G{\'o}mez Maqueo Chew}, Y. and {Faedi}, F. and {Pollacco}, D. and
  {Brown}, D.~J.~A. and {Doyle}, A.~P. and {Collier Cameron}, A. and
  {Gillon}, M. and {Lendl}, M. and {Smalley}, B. and {Triaud}, A.~H.~M.~J. and
  {West}, R.~G. and {Wheatley}, P.~J. and {Busuttil}, R. and {Liebig}, C. and
  {Anderson}, D.~R. and {Armstrong}, D.~J. and {Barros}, S.~C.~C. and
  {Bento}, J. and {Bochinski}, J. and {Burwitz}, V. and {Delrez}, L. and
  {Enoch}, B. and {Fumel}, A. and {Haswell}, C.~A. and {H{\'e}brard}, G. and
  {Hellier}, C. and {Holmes}, S. and {Jehin}, E. and {Kolb}, U. and
  {Maxted}, P.~F.~L. and {McCormac}, J. and {Miller}, G.~R.~M. and
  {Norton}, A.~J. and {Pepe}, F. and {Queloz}, D. and {Rodr{\'{\i}}guez}, J. and
  {S{\'e}gransan}, D. and {Skillen}, I. and {Stassun}, K.~G. and
  {Udry}, S. and {Watson}, C.},
    title = "{Discovery of WASP-65b and WASP-75b: Two hot Jupiters without highly inflated radii}",
  journal = {\aap},
 archivePrefix = "arXiv",
   eprint = {1307.6532},
 primaryClass = "astro-ph.EP",
 keywords = {planetary systems, stars: individual: WASP-65, stars: individual: WASP-75},
     year = 2013,
    month = nov,
   volume = 559,
      eid = {A36},
    pages = {A36},
      doi = {10.1051/0004-6361/201322314},
   adsurl = {http://adsabs.harvard.edu/abs/2013A%26A...559A..36G},
  adsnote = {Provided by the SAO/NASA Astrophysics Data System}
}

@ARTICLE{Gonzalez1998,
   author = {{Gonzalez}, G. and {Vanture}, A.~D.},
    title = "{Parent stars of extrasolar planets III: rho\^{}1 CANCRI Revisited}",
  journal = {\aap},
 keywords = {STARS: ABUNDANCES, PLANETARY SYSTEMS},
     year = 1998,
    month = nov,
   volume = 339,
    pages = {L29-L32},
   adsurl = {http://adsabs.harvard.edu/abs/1998A%26A...339L..29G},
  adsnote = {Provided by the SAO/NASA Astrophysics Data System}
}

@ARTICLE{Gonzalez2000,
    author = {{Gonzalez}, G. and {Laws}, C.},
    title = "{Parent Stars of Extrasolar Planets. V. HD 75289}",
    journal = {\aj},
    eprint = {astro-ph/9909453},
    keywords = {STARS: PLANETARY SYSTEMS, STARS: INDIVIDUAL: HENRY DRAPER NUMBER: HD 75289},
    year = 2000,
    month = jan,
    volume = 119,
    pages = {390-396},
    doi = {10.1086/301176},
    adsurl = {http://adsabs.harvard.edu/abs/2000AJ....119..390G},
    adsnote = {Provided by the SAO/NASA Astrophysics Data System}
}

@ARTICLE{Gonzalez2010,
   author = {{Gonzalez}, G. and {Carlson}, M.~K. and {Tobin}, R.~W.},
    title = "{Parent stars of extrasolar planets - X. Lithium abundances and v sini revisited}",
  journal = {\mnras},
 archivePrefix = "arXiv",
   eprint = {0912.1621},
 primaryClass = "astro-ph.SR",
 keywords = {stars: abundances, planetary systems},
     year = 2010,
    month = apr,
   volume = 403,
    pages = {1368-1380},
      doi = {10.1111/j.1365-2966.2009.16195.x},
   adsurl = {http://adsabs.harvard.edu/abs/2010MNRAS.403.1368G},
  adsnote = {Provided by the SAO/NASA Astrophysics Data System}
}

@MISC{Gray2006,
    author = {{Gray}, D.~F},
    title = "{The Observation and Analysis of Stellar Photospheres, 3rd ed.}",
    year = 2005
}

@ARTICLE{Griffin1967,
   author = {{Griffin}, R. and {Griffin}, R.},
    title = "{Curve-of-growth analysis of the spectrum of Arturus}",
  journal = {\mnras},
     year = 1967,
   volume = 137,
    pages = {253},
      doi = {10.1093/mnras/137.3.253},
   adsurl = {http://adsabs.harvard.edu/abs/1967MNRAS.137..253G},
  adsnote = {Provided by the SAO/NASA Astrophysics Data System}
}

@ARTICLE{Grundahl2017,
   author = {{Grundahl}, F. and {Fredslund Andersen}, M. and {Christensen-Dalsgaard}, J. and
  {Antoci}, V. and {Kjeldsen}, H. and {Handberg}, R. and {Houdek}, G. and
  {Bedding}, T.~R. and {Pall{\'e}}, P.~L. and {Jessen-Hansen}, J. and
  {Silva Aguirre}, V. and {White}, T.~R. and {Frandsen}, S. and
  {Albrecht}, S. and {Andersen}, M.~I. and {Arentoft}, T. and
  {Brogaard}, K. and {Chaplin}, W.~J. and {Harps{\o}e}, K. and
  {J{\o}rgensen}, U.~G. and {Karovicova}, I. and {Karoff}, C. and
  {Kj{\ae}rgaard Rasmussen}, P. and {Lund}, M.~N. and {Sloth Lundkvist}, M. and
  {Skottfelt}, J. and {Norup S{\o}rensen}, A. and {Tronsgaard}, R. and
  {Weiss}, E.},
    title = "{First Results from the Hertzsprung SONG Telescope: Asteroseismology of the G5 Subgiant Star {$\mu$} Herculis}",
  journal = {\apj},
 archivePrefix = "arXiv",
   eprint = {1701.03365},
 primaryClass = "astro-ph.SR",
 keywords = {asteroseismology, instrumentation: spectrographs, methods: data analysis, methods: observational, stars: individual: HD 161797, stars: oscillations },
     year = 2017,
    month = feb,
   volume = 836,
      eid = {142},
    pages = {142},
      doi = {10.3847/1538-4357/836/1/142},
   adsurl = {http://adsabs.harvard.edu/abs/2017ApJ...836..142G},
  adsnote = {Provided by the SAO/NASA Astrophysics Data System}
}

@ARTICLE{Gustafson2008,
   author = {{Gustafsson}, B. and {Edvardsson}, B. and {Eriksson}, K. and
    {J{\o}rgensen}, U.~G. and {Nordlund}, {\AA}. and {Plez}, B.},
    title = "{A grid of MARCS model atmospheres for late-type stars. I. Methods and general properties}",
  journal = {\aap},
 archivePrefix = "arXiv",
   eprint = {0805.0554},
 keywords = {stars: atmospheres, Sun: abundances, stars: fundamental parameters, stars: general, stars: late-type, stars: supergiants},
     year = 2008,
    month = aug,
   volume = 486,
    pages = {951-970},
      doi = {10.1051/0004-6361:200809724},
   adsurl = {http://adsabs.harvard.edu/abs/2008A%26A...486..951G},
  adsnote = {Provided by the SAO/NASA Astrophysics Data System}
}

@ARTICLE{HARPS,
   author = {{Mayor}, M. and {Pepe}, F. and {Queloz}, D. and {Bouchy}, F. and
    {Rupprecht}, G. and {Lo Curto}, G. and {Avila}, G. and {Benz}, W. and
    {Bertaux}, J.-L. and {Bonfils}, X. and {Dall}, T. and {Dekker}, H. and
    {Delabre}, B. and {Eckert}, W. and {Fleury}, M. and {Gilliotte}, A. and
    {Gojak}, D. and {Guzman}, J.~C. and {Kohler}, D. and {Lizon}, J.-L. and
    {Longinotti}, A. and {Lovis}, C. and {Megevand}, D. and {Pasquini}, L. and
    {Reyes}, J. and {Sivan}, J.-P. and {Sosnowska}, D. and {Soto}, R. and
    {Udry}, S. and {van Kesteren}, A. and {Weber}, L. and {Weilenmann}, U.
    },
    title = "{Setting New Standards with HARPS}",
  journal = {The Messenger},
     year = 2003,
    month = dec,
   volume = 114,
    pages = {20-24},
   adsurl = {http://adsabs.harvard.edu/abs/2003Msngr.114...20M},
  adsnote = {Provided by the SAO/NASA Astrophysics Data System}
}

@ARTICLE{Hartman2012,
   author = {{Hartman}, J.~D. and {Bakos}, G.~{\'A}. and {B{\'e}ky}, B. and
  {Torres}, G. and {Latham}, D.~W. and {Csubry}, Z. and {Penev}, K. and
  {Shporer}, A. and {Fulton}, B.~J. and {Buchhave}, L.~A. and
  {Johnson}, J.~A. and {Howard}, A.~W. and {Marcy}, G.~W. and
  {Fischer}, D.~A. and {Kov{\'a}cs}, G. and {Noyes}, R.~W. and
  {Esquerdo}, G.~A. and {Everett}, M. and {Szklen{\'a}r}, T. and
  {Quinn}, S.~N. and {Bieryla}, A. and {Knox}, R.~P. and {Hinz}, P. and
  {Sasselov}, D.~D. and {F{\H u}r{\'e}sz}, G. and {Stefanik}, R.~P. and
  {L{\'a}z{\'a}r}, J. and {Papp}, I. and {S{\'a}ri}, P.},
    title = "{HAT-P-39b-HAT-P-41b: Three Highly Inflated Transiting Hot Jupiters}",
  journal = {\aj},
 archivePrefix = "arXiv",
   eprint = {1207.3344},
 primaryClass = "astro-ph.EP",
 keywords = {planetary systems, stars: individual: GSC 1364-01424 GSC 3607-01028 GSC 0488-02442, techniques: photometric, techniques: spectroscopic},
     year = 2012,
    month = nov,
   volume = 144,
      eid = {139},
    pages = {139},
      doi = {10.1088/0004-6256/144/5/139},
   adsurl = {http://adsabs.harvard.edu/abs/2012AJ....144..139H},
  adsnote = {Provided by the SAO/NASA Astrophysics Data System}
}

@ARTICLE{Hartmann2014,
   author = {{Hartman}, J.~D. and {Bakos}, G.~{\'A}. and {Torres}, G. and
  {Kov{\'a}cs}, G. and {Johnson}, J.~A. and {Howard}, A.~W. and
  {Marcy}, G.~W. and {Latham}, D.~W. and {Bieryla}, A. and {Buchhave}, L.~A. and
  {Bhatti}, W. and {B{\'e}ky}, B. and {Csubry}, Z. and {Penev}, K. and
  {de Val-Borro}, M. and {Noyes}, R.~W. and {Fischer}, D.~A. and
  {Esquerdo}, G.~A. and {Everett}, M. and {Szklen{\'a}r}, T. and
  {Zhou}, G. and {Bayliss}, D. and {Shporer}, A. and {Fulton}, B.~J. and
  {Sanchis-Ojeda}, R. and {Falco}, E. and {L{\'a}z{\'a}r}, J. and
  {Papp}, I. and {S{\'a}ri}, P.},
    title = "{HAT-P-44b, HAT-P-45b, and HAT-P-46b: Three Transiting Hot Jupiters in Possible Multi-planet Systems}",
  journal = {\aj},
 archivePrefix = "arXiv",
   eprint = {1308.2937},
 primaryClass = "astro-ph.EP",
 keywords = {planetary systems, stars: individual: HAT-P-44 HAT-P-45 HAT-P-46, techniques: photometric, techniques: spectroscopic},
     year = 2014,
    month = jun,
   volume = 147,
      eid = {128},
    pages = {128},
      doi = {10.1088/0004-6256/147/6/128},
   adsurl = {http://adsabs.harvard.edu/abs/2014AJ....147..128H},
  adsnote = {Provided by the SAO/NASA Astrophysics Data System}
}

@ARTICLE{Hatzes2015,
   author = {{Hatzes}, A.~P. and {Cochran}, W.~D. and {Endl}, M. and {Guenther}, E.~W. and
  {MacQueen}, P. and {Hartmann}, M. and {Zechmeister}, M. and
  {Han}, I. and {Lee}, B.-C. and {Walker}, G.~A.~H. and {Yang}, S. and
  {Larson}, A.~M. and {Kim}, K.-M. and {Mkrtichian}, D.~E., and
  {D{\"o}llinger}, M. and {Simon}, A.~E., and {Girardi}, L.},
    title = "{Long-lived, long-period radial velocity variations in Aldebaran: A planetary companion and stellar activity}",
  journal = {\aap},
 archivePrefix = "arXiv",
   eprint = {1505.03454},
 primaryClass = "astro-ph.SR",
 keywords = {stars: individual: {$\alpha$}Tu, techniques: radial velocities},
     year = 2015,
    month = aug,
   volume = 580,
      eid = {A31},
    pages = {A31},
      doi = {10.1051/0004-6361/201425519},
   adsurl = {http://adsabs.harvard.edu/abs/2015A%26A...580A..31H},
  adsnote = {Provided by the SAO/NASA Astrophysics Data System}
}

@ARTICLE{Hawkins2016,
   author = {{Hawkins}, K. and {Masseron}, T. and {Jofr{\'e}}, P. and {Gilmore}, G. and
  {Elsworth}, Y. and {Hekker}, S.},
    title = "{An accurate and self-consistent chemical abundance catalogue for the APOGEE/Kepler sample}",
  journal = {\aap},
 archivePrefix = "arXiv",
   eprint = {1604.08800},
 keywords = {stars: abundances, Galaxy: abundances, surveys},
     year = 2016,
    month = oct,
   volume = 594,
      eid = {A43},
    pages = {A43},
      doi = {10.1051/0004-6361/201628812},
   adsurl = {http://adsabs.harvard.edu/abs/2016A%26A...594A..43H},
  adsnote = {Provided by the SAO/NASA Astrophysics Data System}
}

@ARTICLE{Hebrard2013,
   author = {{H{\'e}brard}, G. and {Collier Cameron}, A. and {Brown}, D.~J.~A. and
  {D{\'{\i}}az}, R.~F. and {Faedi}, F. and {Smalley}, B. and {Anderson}, D.~R. and
  {Armstrong}, D. and {Barros}, S.~C.~C. and {Bento}, J. and {Bouchy}, F. and
  {Doyle}, A.~P. and {Enoch}, B. and {G{\'o}mez Maqueo Chew}, Y. and
  {H{\'e}brard}, {\'E}.~M. and {Hellier}, C. and {Lendl}, M. and
  {Lister}, T.~A. and {Maxted}, P.~F.~L. and {McCormac}, J. and
  {Moutou}, C. and {Pollacco}, D. and {Queloz}, D. and {Santerne}, A. and
  {Skillen}, I. and {Southworth}, J. and {Tregloan-Reed}, J. and
  {Triaud}, A.~H.~M.~J. and {Udry}, S. and {Vanhuysse}, M. and
  {Watson}, C.~A. and {West}, R.~G. and {Wheatley}, P.~J.},
    title = "{WASP-52b, WASP-58b, WASP-59b, and WASP-60b: Four new transiting close-in giant planets}",
  journal = {\aap},
 archivePrefix = "arXiv",
   eprint = {1211.0810},
 primaryClass = "astro-ph.EP",
 keywords = {planetary systems, techniques: polarimetric, techniques: radial velocities},
     year = 2013,
    month = jan,
   volume = 549,
      eid = {A134},
    pages = {A134},
      doi = {10.1051/0004-6361/201220363},
   adsurl = {http://adsabs.harvard.edu/abs/2013A%26A...549A.134H},
  adsnote = {Provided by the SAO/NASA Astrophysics Data System}
}

@ARTICLE{Hebrard2016,
   author = {{H{\'e}brard}, G. and {Arnold}, L. and {Forveille}, T. and {Correia}, A.~C.~M. and
  {Laskar}, J. and {Bonfils}, X. and {Boisse}, I. and {D{\'{\i}}az}, R.~F. and
  {Hagelberg}, J. and {Sahlmann}, J. and {Santos}, N.~C. and {Astudillo-Defru}, N. and
  {Borgniet}, S. and {Bouchy}, F. and {Bourrier}, V. and {Courcol}, B. and
  {Delfosse}, X. and {Deleuil}, M. and {Demangeon}, O. and {Ehrenreich}, D. and
  {Gregorio}, J. and {Jovanovic}, N. and {Labrevoir}, O. and {Lagrange}, A.-M. and
  {Lovis}, C. and {Lozi}, J. and {Moutou}, C. and {Montagnier}, G. and
  {Pepe}, F. and {Rey}, J. and {Santerne}, A. and {S{\'e}gransan}, D. and
  {Udry}, S. and {Vanhuysse}, M. and {Vigan}, A. and {Wilson}, P.~A.
  },
    title = "{The SOPHIE search for northern extrasolar planets. X. Detection and characterization of giant planets by the dozen}",
  journal = {\aap},
 archivePrefix = "arXiv",
   eprint = {1602.04622},
 primaryClass = "astro-ph.EP",
 keywords = {planetary systems, techniques: radial velocities, techniques: photometric},
     year = 2016,
    month = apr,
   volume = 588,
      eid = {A145},
    pages = {A145},
      doi = {10.1051/0004-6361/201527585},
   adsurl = {http://adsabs.harvard.edu/abs/2016A%26A...588A.145H},
  adsnote = {Provided by the SAO/NASA Astrophysics Data System}
}

@ARTICLE{Hellier2012,
   author = {{Hellier}, C. and {Anderson}, D.~R. and {Collier Cameron}, A. and
  {Doyle}, A.~P. and {Fumel}, A. and {Gillon}, M. and {Jehin}, E. and
  {Lendl}, M. and {Maxted}, P.~F.~L. and {Pepe}, F. and {Pollacco}, D. and
  {Queloz}, D. and {S{\'e}gransan}, D. and {Smalley}, B. and {Smith}, A.~M.~S. and
  {Southworth}, J. and {Triaud}, A.~H.~M.~J. and {Udry}, S. and
  {West}, R.~G.},
    title = "{Seven transiting hot Jupiters from WASP-South, Euler and TRAPPIST: WASP-47b, WASP-55b, WASP-61b, WASP-62b, WASP-63b, WASP-66b and WASP-67b}",
  journal = {\mnras},
 archivePrefix = "arXiv",
   eprint = {1204.5095},
 primaryClass = "astro-ph.EP",
 keywords = {planetary systems },
     year = 2012,
    month = oct,
   volume = 426,
    pages = {739-750},
      doi = {10.1111/j.1365-2966.2012.21780.x},
   adsurl = {http://adsabs.harvard.edu/abs/2012MNRAS.426..739H},
  adsnote = {Provided by the SAO/NASA Astrophysics Data System}
}

@ARTICLE{Hellier2014,
   author = {{Hellier}, C. and {Anderson}, D.~R. and {Cameron}, A.~C. and
    {Delrez}, L. and {Gillon}, M. and {Jehin}, E. and {Lendl}, M. and
    {Maxted}, P.~F.~L. and {Pepe}, F. and {Pollacco}, D. and {Queloz}, D. and
    {S{\'e}gransan}, D. and {Smalley}, B. and {Smith}, A.~M.~S. and
    {Southworth}, J. and {Triaud}, A.~H.~M.~J. and {Udry}, S. and
    {West}, R.~G.},
    title = "{Transiting hot Jupiters from WASP-South, Euler and TRAPPIST: WASP-95b to WASP-101b}",
  journal = {\mnras},
 archivePrefix = "arXiv",
   eprint = {1310.5630},
 primaryClass = "astro-ph.EP",
 keywords = {planetary systems},
     year = 2014,
    month = may,
   volume = 440,
    pages = {1982-1992},
      doi = {10.1093/mnras/stu410},
   adsurl = {http://adsabs.harvard.edu/abs/2014MNRAS.440.1982H},
  adsnote = {Provided by the SAO/NASA Astrophysics Data System}
}

@ARTICLE{Henry2006,
    author = {{Henry}, T.~J. and {Jao}, W.-C. and {Subasavage}, J.~P. and
    {Beaulieu}, T.~D. and {Ianna}, P.~A. and {Costa}, E. and {M{\'e}ndez}, R.~A.
    },
    title = "{The Solar Neighborhood. XVII. Parallax Results from the CTIOPI 0.9 m Program: 20 New Members of the RECONS 10 Parsec Sample}",
    journal = {\aj},
    eprint = {astro-ph/0608230},
    keywords = {Astrometry, Galaxy: Solar Neighborhood, Stars: Distances, Stars: Low-Mass, Brown Dwarfs, Stars: Statistics, Surveys},
    year = 2006,
    month = dec,
    volume = 132,
    pages = {2360-2371},
    doi = {10.1086/508233},
    adsurl = {http://adsabs.harvard.edu/abs/2006AJ....132.2360H},
    adsnote = {Provided by the SAO/NASA Astrophysics Data System}
}

@ARTICLE{Hinkel2016,
   author = {{Hinkel}, N.~R. and {Young}, P.~A. and {Pagano}, M.~D. and {Desch}, S.~J. and
  {Anbar}, A.~D. and {Adibekyan}, V. and {Blanco-Cuaresma}, S. and
  {Carlberg}, J.~K. and {Delgado Mena}, E. and {Liu}, F. and {Nordlander}, T. and
  {Sousa}, S.~G. and {Korn}, A. and {Gruyters}, P. and {Heiter}, U. and
  {Jofr{\'e}}, P. and {Santos}, N.~C. and {Soubiran}, C.},
    title = "{A Comparison of Stellar Elemental Abundance Techniques and Measurements}",
  journal = {\apjs},
 archivePrefix = "arXiv",
   eprint = {1607.03130},
 primaryClass = "astro-ph.SR",
 keywords = {stars: abundances, stars: individual: HD 361, HD 10700, HD 121504, HD 202206, techniques: spectroscopic },
     year = 2016,
    month = sep,
   volume = 226,
      eid = {4},
    pages = {4},
      doi = {10.3847/0067-0049/226/1/4},
   adsurl = {http://adsabs.harvard.edu/abs/2016ApJS..226....4H},
  adsnote = {Provided by the SAO/NASA Astrophysics Data System}
}

@INPROCEEDINGS{Hinkle1995,
   author = {{Hinkle}, K.~H. and {Wallace}, L. and {Livingston}, W.},
    title = "{Kitt Peak Solar and Stellar Atlases}",
 booktitle = {Laboratory and Astronomical High Resolution Spectra},
     year = 1995,
   series = {Astronomical Society of the Pacific Conference Series},
   volume = 81,
   editor = {{Sauval}, A.~J. and {Blomme}, R. and {Grevesse}, N.},
    pages = {66},
   adsurl = {http://adsabs.harvard.edu/abs/1995ASPC...81...66H},
  adsnote = {Provided by the SAO/NASA Astrophysics Data System}
}

@ARTICLE{Hinkle1995a,
   author = {{Hinkle}, K. and {Wallace}, L. and {Livingston}, W.},
    title = "{Infrared Atlas of the Arcturus Spectrum, 0.9-5.3 microns}",
  journal = {\pasp},
 keywords = {INFRARED: STARS, STARS: INDIVIDUAL: ARCTURUS, STARS: ABUNDANCES},
     year = 1995,
    month = nov,
   volume = 107,
    pages = {1042},
      doi = {10.1086/133660},
   adsurl = {http://adsabs.harvard.edu/abs/1995PASP..107.1042H},
  adsnote = {Provided by the SAO/NASA Astrophysics Data System}
}

@INPROCEEDINGS{Hinkle2003,
   author = {{Hinkle}, K. and {Wallace}, L. and {Livingston}, W. and {Ayres}, T. and
    {Harmer}, D. and {Valenti}, J.},
    title = "{High Resolution Infrared, Visible and Ultraviolet Spectral Atlases of the Sun and Arcturus}",
 keywords = {{$\alpha$} Cen},
 booktitle = {The Future of Cool-Star Astrophysics: 12th Cambridge Workshop on Cool Stars, Stellar Systems, and the Sun},
     year = 2003,
   series = {Cambridge Workshop on Cool Stars, Stellar Systems, and the Sun},
   volume = 12,
   editor = {{Brown}, A. and {Harper}, G.~M. and {Ayres}, T.~R.},
    month = oct,
    pages = {851-856},
   adsurl = {http://adsabs.harvard.edu/abs/2003csss...12..851H},
  adsnote = {Provided by the SAO/NASA Astrophysics Data System}
}

@ARTICLE{Howard2011,
   author = {{Howard}, A.~W. and {Johnson}, J.~A. and {Marcy}, G.~W. and
  {Fischer}, D.~A. and {Wright}, J.~T. and {Henry}, G.~W. and
  {Isaacson}, H. and {Valenti}, J.~A. and {Anderson}, J. and {Piskunov}, N.~E.
  },
    title = "{The NASA-UC Eta-Earth Program. III. A Super-Earth Orbiting HD 97658 and a Neptune-mass Planet Orbiting Gl 785}",
  journal = {\apj},
 archivePrefix = "arXiv",
   eprint = {1011.0414},
 primaryClass = "astro-ph.EP",
 keywords = {planetary systems, stars: individual: HD 97658 Gl 785, techniques: radial velocities},
     year = 2011,
    month = mar,
   volume = 730,
      eid = {10},
    pages = {10},
      doi = {10.1088/0004-637X/730/1/10},
   adsurl = {http://adsabs.harvard.edu/abs/2011ApJ...730...10H},
  adsnote = {Provided by the SAO/NASA Astrophysics Data System}
}

@ARTICLE{Huber2011,
   author = {{Huber}, D. and {Bedding}, T.~R. and {Stello}, D. and {Hekker}, S. and
    {Mathur}, S. and {Mosser}, B. and {Verner}, G.~A. and {Bonanno}, A. and
    {Buzasi}, D.~L. and {Campante}, T.~L. and {Elsworth}, Y.~P. and
    {Hale}, S.~J. and {Kallinger}, T. and {Silva Aguirre}, V. and
    {Chaplin}, W.~J. and {De Ridder}, J. and {Garc{\'{\i}}a}, R.~A. and
    {Appourchaux}, T. and {Frandsen}, S. and {Houdek}, G. and {Molenda-{\.Z}akowicz}, J. and
    {Monteiro}, M.~J.~P.~F.~G. and {Christensen-Dalsgaard}, J. and
    {Gilliland}, R.~L. and {Kawaler}, S.~D. and {Kjeldsen}, H. and
    {Broomhall}, A.~M. and {Corsaro}, E. and {Salabert}, D. and
    {Sanderfer}, D.~T. and {Seader}, S.~E. and {Smith}, J.~C.},
    title = "{Testing Scaling Relations for Solar-like Oscillations from the Main Sequence to Red Giants Using Kepler Data}",
  journal = {\apj},
 archivePrefix = "arXiv",
   eprint = {1109.3460},
 primaryClass = "astro-ph.SR",
 keywords = {stars: late-type, stars: oscillations, techniques: photometric},
     year = 2011,
    month = dec,
   volume = 743,
      eid = {143},
    pages = {143},
      doi = {10.1088/0004-637X/743/2/143},
   adsurl = {http://adsabs.harvard.edu/abs/2011ApJ...743..143H},
  adsnote = {Provided by the SAO/NASA Astrophysics Data System}
}

@ARTICLE{Huber2012,
   author = {{Huber}, D. and {Ireland}, M.~J. and {Bedding}, T.~R. and {Brand{\~a}o}, I.~M. and
    {Piau}, L. and {Maestro}, V. and {White}, T.~R. and {Bruntt}, H. and
    {Casagrande}, L. and {Molenda-{\.Z}akowicz}, J. and {Silva Aguirre}, V. and
    {Sousa}, S.~G. and {Barclay}, T. and {Burke}, C.~J. and {Chaplin}, W.~J. and
    {Christensen-Dalsgaard}, J. and {Cunha}, M.~S. and {De Ridder}, J. and
    {Farrington}, C.~D. and {Frasca}, A. and {Garc{\'{\i}}a}, R.~A. and
    {Gilliland}, R.~L. and {Goldfinger}, P.~J. and {Hekker}, S. and
    {Kawaler}, S.~D. and {Kjeldsen}, H. and {McAlister}, H.~A. and
    {Metcalfe}, T.~S. and {Miglio}, A. and {Monteiro}, M.~J.~P.~F.~G. and
    {Pinsonneault}, M.~H. and {Schaefer}, G.~H. and {Stello}, D. and
    {Stumpe}, M.~C. and {Sturmann}, J. and {Sturmann}, L. and {ten Brummelaar}, T.~A. and
    {Thompson}, M.~J. and {Turner}, N. and {Uytterhoeven}, K.},
    title = "{Fundamental Properties of Stars Using Asteroseismology from Kepler and CoRoT and Interferometry from the CHARA Array}",
  journal = {\apj},
 archivePrefix = "arXiv",
   eprint = {1210.0012},
 primaryClass = "astro-ph.SR",
 keywords = {stars: late-type, stars: oscillations: including pulsations, techniques: interferometric, techniques: photometric},
     year = 2012,
    month = nov,
   volume = 760,
      eid = {32},
    pages = {32},
      doi = {10.1088/0004-637X/760/1/32},
   adsurl = {http://adsabs.harvard.edu/abs/2012ApJ...760...32H},
  adsnote = {Provided by the SAO/NASA Astrophysics Data System}
}

@ARTICLE{Huber2014,
   author = {{Huber}, D. and {Silva Aguirre}, V. and {Matthews}, J.~M. and
  {Pinsonneault}, M.~H. and {Gaidos}, E. and {Garc{\'{\i}}a}, R.~A. and
  {Hekker}, S. and {Mathur}, S. and {Mosser}, B. and {Torres}, G. and
  {Bastien}, F.~A. and {Basu}, S. and {Bedding}, T.~R. and {Chaplin}, W.~J. and
  {Demory}, B.-O. and {Fleming}, S.~W. and {Guo}, Z. and {Mann}, A.~W. and
  {Rowe}, J.~F. and {Serenelli}, A.~M. and {Smith}, M.~A. and
  {Stello}, D.},
    title = "{Revised Stellar Properties of Kepler Targets for the Quarter 1-16 Transit Detection Run}",
  journal = {\apjs},
 archivePrefix = "arXiv",
   eprint = {1312.0662},
 primaryClass = "astro-ph.EP",
 keywords = {catalogs, planetary systems, stars: fundamental parameters, stars: oscillations, techniques: photometric},
     year = 2014,
    month = mar,
   volume = 211,
      eid = {2},
    pages = {2},
      doi = {10.1088/0067-0049/211/1/2},
   adsurl = {http://adsabs.harvard.edu/abs/2014ApJS..211....2H},
  adsnote = {Provided by the SAO/NASA Astrophysics Data System}
}

@ARTICLE{Husser2013,
   author = {{Husser}, T.-O. and {Wende-von Berg}, S. and {Dreizler}, S. and
    {Homeier}, D. and {Reiners}, A. and {Barman}, T. and {Hauschildt}, P.~H.
    },
    title = "{A new extensive library of PHOENIX stellar atmospheres and synthetic spectra}",
  journal = {\aap},
 archivePrefix = "arXiv",
   eprint = {1303.5632},
 primaryClass = "astro-ph.SR",
 keywords = {stars: atmospheres, convection, stars: late-type},
     year = 2013,
    month = may,
   volume = 553,
      eid = {A6},
    pages = {A6},
      doi = {10.1051/0004-6361/201219058},
   adsurl = {http://adsabs.harvard.edu/abs/2013A%26A...553A...6H},
  adsnote = {Provided by the SAO/NASA Astrophysics Data System}
}

@INPROCEEDINGS{IRD,
   author = {{Kotani}, T. and {Tamura}, M. and {Suto}, H. and {Nishikawa}, J. and
    {Sato}, B. and {Aoki}, W. and {Usuda}, T. and {Kurokawa}, T. and
    {Kashiwagi}, K. and {Nishiyama}, S. and {Ikeda}, Y. and {Hall}, D.~B. and
    {Hodapp}, K.~W. and {Hashimoto}, J. and {Morino}, J.-I. and
    {Okuyama}, Y. and {Tanaka}, Y. and {Suzuki}, S. and {Inoue}, S. and
    {Kwon}, J. and {Suenaga}, T. and {Oh}, D. and {Baba}, H. and
    {Narita}, N. and {Kokubo}, E. and {Hayano}, Y. and {Izumiura}, H. and
    {Kambe}, E. and {Kudo}, T. and {Kusakabe}, N. and {Ikoma}, M. and
    {Hori}, Y. and {Omiya}, M. and {Genda}, H. and {Fukui}, A. and
    {Fujii}, Y. and {Guyon}, O. and {Harakawa}, H. and {Hayashi}, M. and
    {Hidai}, M. and {Hirano}, T. and {Kuzuhara}, M. and {Machida}, M. and
    {Matsuo}, T. and {Nagata}, T. and {Onuki}, H. and {Ogihara}, M. and
    {Takami}, H. and {Takato}, N. and {Takahashi}, Y.~H. and {Tachinami}, C. and
    {Terada}, H. and {Kawahara}, H. and {Yamamuro}, T.},
    title = "{Infrared Doppler instrument (IRD) for the Subaru telescope to search for Earth-like planets around nearby M-dwarfs}",
 booktitle = {Society of Photo-Optical Instrumentation Engineers (SPIE) Conference Series},
     year = 2014,
   series = {Society of Photo-Optical Instrumentation Engineers (SPIE) Conference Series},
   volume = 9147,
    month = jul,
      eid = {914714},
    pages = {14},
      doi = {10.1117/12.2055075},
   adsurl = {http://adsabs.harvard.edu/abs/2014SPIE.9147E..14K},
  adsnote = {Provided by the SAO/NASA Astrophysics Data System}
}

@INPROCEEDINGS{ishell1,
   author = {{Rayner}, J. and {Bond}, T. and {Bonnet}, M. and {Jaffe}, D. and
  {Muller}, G. and {Tokunaga}, A.},
    title = "{iSHELL: a 1-5 micron cross-dispersed R=70,000 immersion grating spectrograph for IRTF}",
 booktitle = {Ground-based and Airborne Instrumentation for Astronomy IV},
     year = 2012,
   series = {\procspie},
   volume = 8446,
    month = sep,
      eid = {84462C},
    pages = {84462C},
      doi = {10.1117/12.925511},
   adsurl = {http://adsabs.harvard.edu/abs/2012SPIE.8446E..2CR},
  adsnote = {Provided by the SAO/NASA Astrophysics Data System}
}

@INPROCEEDINGS{ishell2,
   author = {{Rayner}, J. and {Tokunaga}, A. and {Jaffe}, D. and {Bonnet}, M. and
  {Ching}, G. and {Connelley}, M. and {Kokubun}, D. and {Lockhart}, C. and
  {Warmbier}, E.},
    title = "{iSHELL: a construction, assembly and testing}",
 booktitle = {Society of Photo-Optical Instrumentation Engineers (SPIE) Conference Series},
     year = 2016,
   series = {\procspie},
   volume = 9908,
    month = aug,
      eid = {990884},
    pages = {990884},
      doi = {10.1117/12.2232064},
   adsurl = {http://adsabs.harvard.edu/abs/2016SPIE.9908E..84R},
  adsnote = {Provided by the SAO/NASA Astrophysics Data System}
}

@ARTICLE{Jofre2014,
   author = {{Jofr{\'e}}, P. and {Heiter}, U. and {Soubiran}, C. and {Blanco-Cuaresma}, S. and
  {Worley}, C.~C. and {Pancino}, E. and {Cantat-Gaudin}, T. and
  {Magrini}, L. and {Bergemann}, M. and {Gonz{\'a}lez Hern{\'a}ndez}, J.~I. and
  {Hill}, V. and {Lardo}, C. and {de Laverny}, P. and {Lind}, K. and
  {Masseron}, T. and {Montes}, D. and {Mucciarelli}, A. and {Nordlander}, T. and
  {Recio Blanco}, A. and {Sobeck}, J. and {Sordo}, R. and {Sousa}, S.~G. and
  {Tabernero}, H. and {Vallenari}, A. and {Van Eck}, S.},
    title = "{Gaia FGK benchmark stars: Metallicity}",
  journal = {\aap},
 archivePrefix = "arXiv",
   eprint = {1309.1099},
 keywords = {standards, techniques: spectroscopic, surveys, stars: fundamental parameters},
     year = 2014,
    month = apr,
   volume = 564,
      eid = {A133},
    pages = {A133},
      doi = {10.1051/0004-6361/201322440},
   adsurl = {http://adsabs.harvard.edu/abs/2014A%26A...564A.133J},
  adsnote = {Provided by the SAO/NASA Astrophysics Data System}
}

@ARTICLE{Jones2011,
   author = {{Jones}, M.~I. and {Jenkins}, J.~S. and {Rojo}, P. and {Melo}, C.~H.~F.
    },
    title = "{Study of the impact of the post-MS evolution of the host star on the orbits of close-in planets. I. Sample definition and physical properties}",
  journal = {\aap},
 archivePrefix = "arXiv",
   eprint = {1110.6459},
 primaryClass = "astro-ph.EP",
 keywords = {stars: fundamental parameters, stars: horizontal-branch, planet-star interactions},
     year = 2011,
    month = dec,
   volume = 536,
      eid = {A71},
    pages = {A71},
      doi = {10.1051/0004-6361/201117887},
   adsurl = {http://adsabs.harvard.edu/abs/2011A%26A...536A..71J},
  adsnote = {Provided by the SAO/NASA Astrophysics Data System}
}

@ARTICLE{Jones2015,
   author = {{Jones}, M.~I. and {Jenkins}, J.~S. and {Rojo}, P. and {Olivares}, F. and
    {Melo}, C.~H.~F.},
    title = "{Giant planets around two intermediate-mass evolved stars and confirmation of the planetary nature of HIP 67851c}",
  journal = {\aap},
 archivePrefix = "arXiv",
   eprint = {1505.06718},
 primaryClass = "astro-ph.EP",
 keywords = {techniques: radial velocities, planets and satellites: gaseous planets},
     year = 2015,
    month = aug,
   volume = 580,
      eid = {A14},
    pages = {A14},
      doi = {10.1051/0004-6361/201525853},
   adsurl = {http://adsabs.harvard.edu/abs/2015A%26A...580A..14J},
  adsnote = {Provided by the SAO/NASA Astrophysics Data System}
}

@ARTICLE{FEROS,
   author = {{Kaufer}, A. and {Stahl}, O. and {Tubbesing}, S. and {N{\o}rregaard}, P. and
    {Avila}, G. and {Francois}, P. and {Pasquini}, L. and {Pizzella}, A.
    },
    title = "{Commissioning FEROS, the new high-resolution spectrograph at La-Silla.}",
  journal = {The Messenger},
 keywords = {Spectrographs: Data Processing},
     year = 1999,
    month = mar,
   volume = 95,
    pages = {8-12},
   adsurl = {http://adsabs.harvard.edu/abs/1999Msngr..95....8K},
  adsnote = {Provided by the SAO/NASA Astrophysics Data System}
}

@ARTICLE{Howard2011,
   author = {{Howard}, A.~W. and {Johnson}, J.~A. and {Marcy}, G.~W. and
  {Fischer}, D.~A. and {Wright}, J.~T. and {Henry}, G.~W. and
  {Isaacson}, H. and {Valenti}, J.~A. and {Anderson}, J. and {Piskunov}, N.~E.
  },
    title = "{The NASA-UC Eta-Earth Program. III. A Super-Earth Orbiting HD 97658 and a Neptune-mass Planet Orbiting Gl 785}",
  journal = {\apj},
 archivePrefix = "arXiv",
   eprint = {1011.0414},
 primaryClass = "astro-ph.EP",
 keywords = {planetary systems, stars: individual: HD 97658 Gl 785, techniques: radial velocities},
     year = 2011,
    month = mar,
   volume = 730,
      eid = {10},
    pages = {10},
      doi = {10.1088/0004-637X/730/1/10},
   adsurl = {http://adsabs.harvard.edu/abs/2011ApJ...730...10H},
  adsnote = {Provided by the SAO/NASA Astrophysics Data System}
}

@ARTICLE{Johnson2011,
   author = {{Johnson}, J.~A. and {Clanton}, C. and {Howard}, A.~W. and {Bowler}, B.~P. and
  {Henry}, G.~W. and {Marcy}, G.~W. and {Crepp}, J.~R. and {Endl}, M. and
  {Cochran}, W.~D. and {MacQueen}, P.~J. and {Wright}, J.~T. and
  {Isaacson}, H.},
    title = "{Retired A Stars and Their Companions. VII. 18 New Jovian Planets}",
  journal = {\apjs},
 archivePrefix = "arXiv",
   eprint = {1108.4205},
 primaryClass = "astro-ph.EP",
 keywords = {binaries: spectroscopic, planetary systems, techniques: photometric, techniques: radial velocities},
     year = 2011,
    month = dec,
   volume = 197,
      eid = {26},
    pages = {26},
      doi = {10.1088/0067-0049/197/2/26},
   adsurl = {http://cdsads.u-strasbg.fr/abs/2011ApJS..197...26J},
  adsnote = {Provided by the SAO/NASA Astrophysics Data System}
}

@ARTICLE{Kausch2015,
   author = {{Kausch}, W. and {Noll}, S. and {Smette}, A. and {Kimeswenger}, S. and
  {Barden}, M. and {Szyszka}, C. and {Jones}, A.~M. and {Sana}, H. and
  {Horst}, H. and {Kerber}, F.},
    title = "{Molecfit: A general tool for telluric absorption correction. II. Quantitative evaluation on ESO-VLT/X-Shooterspectra}",
  journal = {\aap},
 archivePrefix = "arXiv",
   eprint = {1501.07265},
 primaryClass = "astro-ph.IM",
 keywords = {radiative transfer, atmospheric effects, instrumentation: spectrographs, methods: data analysis, methods: numerical, techniques: spectroscopic},
     year = 2015,
    month = apr,
   volume = 576,
      eid = {A78},
    pages = {A78},
      doi = {10.1051/0004-6361/201423909},
   adsurl = {http://adsabs.harvard.edu/abs/2015A%26A...576A..78K},
  adsnote = {Provided by the SAO/NASA Astrophysics Data System}
}

@Book{kippenhahn,
  title = "Stellar Structure and Evolution",
  author = "R. Kippenhahn and A. Weigert",
  publisher = "Springer-Verlag",
  year = "1994"
}

@ARTICLE{Kipping2010,
   author = {{Kipping}, D.~M. and {Bakos}, G.~{\'A}. and {Hartman}, J. and
  {Torres}, G. and {Shporer}, A. and {Latham}, D.~W. and {Kov{\'a}cs}, G. and
  {Noyes}, R.~W. and {Howard}, A.~W. and {Fischer}, D.~A. and
  {Johnson}, J.~A. and {Marcy}, G.~W. and {B{\'e}ky}, B. and {Perumpilly}, G. and
  {Esquerdo}, G.~A. and {Sasselov}, D.~D. and {Stefanik}, R.~P. and
  {L{\'a}z{\'a}r}, J. and {Papp}, I. and {S{\'a}ri}, P.},
    title = "{HAT-P-24b: An Inflated Hot Jupiter on a 3.36 Day Period Transiting a Hot, Metal-poor Star}",
  journal = {\apj},
 archivePrefix = "arXiv",
   eprint = {1008.3389},
 primaryClass = "astro-ph.EP",
 keywords = {planetary systems, stars: individual: HAT-P-24, techniques: photometric, techniques: spectroscopic},
     year = 2010,
    month = dec,
   volume = 725,
    pages = {2017-2028},
      doi = {10.1088/0004-637X/725/2/2017},
   adsurl = {http://adsabs.harvard.edu/abs/2010ApJ...725.2017K},
  adsnote = {Provided by the SAO/NASA Astrophysics Data System}
}

@ARTICLE{Kjeldsen1995,
   author = {{Kjeldsen}, H. and {Bedding}, T.~R.},
    title = "{Amplitudes of stellar oscillations: the implications for asteroseismology.}",
  journal = {\aap},
   eprint = {astro-ph/9403015},
 keywords = {SUN: OSCILLATIONS, STARS: INDIVIDUAL: $\{$ALPHA$\}$ CEN, STARS: INDIVIDUAL: PROCYON, STARS: OSCILLATIONS, CEPHEIDS, $\{$DELTA$\}$ SCT},
     year = 1995,
    month = jan,
   volume = 293,
    pages = {87-106},
   adsurl = {http://adsabs.harvard.edu/abs/1995A%26A...293...87K},
  adsnote = {Provided by the SAO/NASA Astrophysics Data System}
}

@ARTICLE{Koen2010,
   author = {{Koen}, C. and {Kilkenny}, D. and {van Wyk}, F. and {Marang}, F.
    },
    title = "{UBV(RI)$_{C}$ JHK observations of Hipparcos-selected nearby stars}",
  journal = {\mnras},
 keywords = {stars: distances, stars: fundamental parameters},
     year = 2010,
    month = apr,
   volume = 403,
    pages = {1949-1968},
      doi = {10.1111/j.1365-2966.2009.16182.x},
   adsurl = {http://cdsads.u-strasbg.fr/abs/2010MNRAS.403.1949K},
  adsnote = {Provided by the SAO/NASA Astrophysics Data System}
}

@ARTICLE{Kopparapu2013,
   author = {{Kopparapu}, R.~K. and {Ramirez}, R. and {Kasting}, J.~F. and
  {Eymet}, V. and {Robinson}, T.~D. and {Mahadevan}, S. and {Terrien}, R.~C. and
  {Domagal-Goldman}, S. and {Meadows}, V. and {Deshpande}, R.},
    title = "{Habitable Zones around Main-sequence Stars: New Estimates}",
  journal = {\apj},
 archivePrefix = "arXiv",
   eprint = {1301.6674},
 primaryClass = "astro-ph.EP",
 keywords = {planetary systems },
     year = 2013,
    month = mar,
   volume = 765,
      eid = {131},
    pages = {131},
      doi = {10.1088/0004-637X/765/2/131},
   adsurl = {http://adsabs.harvard.edu/abs/2013ApJ...765..131K},
  adsnote = {Provided by the SAO/NASA Astrophysics Data System}
}

@ARTICLE{Kunitomo2011,
   author = {{Kunitomo}, M. and {Ikoma}, M. and {Sato}, B. and {Katsuta}, Y. and
    {Ida}, S.},
    title = "{Planet Engulfment by \~{}1.5-3 M $_{sun}$ Red Giants}",
  journal = {\apj},
 archivePrefix = "arXiv",
   eprint = {1106.2251},
 primaryClass = "astro-ph.EP",
 keywords = {planets and satellites: formation, stars: evolution},
     year = 2011,
    month = aug,
   volume = 737,
      eid = {66},
    pages = {66},
      doi = {10.1088/0004-637X/737/2/66},
   adsurl = {http://adsabs.harvard.edu/abs/2011ApJ...737...66K},
  adsnote = {Provided by the SAO/NASA Astrophysics Data System}
}

@ARTICLE{Kurucz1993,
   author = {{Kurucz}, R.},
    title = "{ATLAS9 Stellar Atmosphere Programs and 2 km/s grid.}",
  journal = {ATLAS9 Stellar Atmosphere Programs and 2 km/s grid.~Kurucz CD-ROM No.~13.~ Cambridge, Mass.: Smithsonian Astrophysical Observatory, 1993.},
     year = 1993,
   volume = 13,
   adsurl = {http://adsabs.harvard.edu/abs/1993KurCD..13.....K},
  adsnote = {Provided by the SAO/NASA Astrophysics Data System}
}

@ARTICLE{Lebzelter2012,
   author = {{Lebzelter}, T. and {Seifahrt}, A. and {Uttenthaler}, S. and
    {Ramsay}, S. and {Hartman}, H. and {Nieva}, M.-F. and {Przybilla}, N. and
    {Smette}, A. and {Wahlgren}, G.~M. and {Wolff}, B. and {Hussain}, G.~A.~J. and
    {K{\"a}ufl}, H.~U. and {Seemann}, U.},
    title = "{CRIRES-POP. A library of high resolution spectra in the near-infrared}",
  journal = {\aap},
 archivePrefix = "arXiv",
   eprint = {1202.4376},
 primaryClass = "astro-ph.SR",
 keywords = {atlases, infrared: stars, stars: atmospheres, line: identification, methods: data analysis, techniques: spectroscopic},
     year = 2012,
    month = mar,
   volume = 539,
      eid = {A109},
    pages = {A109},
      doi = {10.1051/0004-6361/201117728},
   adsurl = {http://adsabs.harvard.edu/abs/2012A%26A...539A.109L},
  adsnote = {Provided by the SAO/NASA Astrophysics Data System}
}

@ARTICLE{Lebzelter2012b,
   author = {{Lebzelter}, T. and {Heiter}, U. and {Abia}, C. and {Eriksson}, K. and
  {Ireland}, M. and {Neilson}, H. and {Nowotny}, W. and {Maldonado}, J. and
  {Merle}, T. and {Peterson}, R. and {Plez}, B. and {Short}, C.~I. and
  {Wahlgren}, G.~M. and {Worley}, C. and {Aringer}, B. and {Bladh}, S. and
  {de Laverny}, P. and {Goswami}, A. and {Mora}, A. and {Norris}, R.~P. and
  {Recio-Blanco}, A. and {Scholz}, M. and {Th{\'e}venin}, F. and
  {Tsuji}, T. and {Kordopatis}, G. and {Montesinos}, B. and {Wing}, R.~F.
  },
    title = "{Comparative modelling of the spectra of cool giants{\star}{\star}{\star}}",
  journal = {\aap},
 archivePrefix = "arXiv",
   eprint = {1209.2656},
 primaryClass = "astro-ph.SR",
 keywords = {stars: atmospheres, stars: late-type, stars: abundances, stars: fundamental parameters},
     year = 2012,
    month = nov,
   volume = 547,
      eid = {A108},
    pages = {A108},
      doi = {10.1051/0004-6361/201219142},
   adsurl = {http://adsabs.harvard.edu/abs/2012A%26A...547A.108L},
  adsnote = {Provided by the SAO/NASA Astrophysics Data System}
}

@MISC{Mayor1995,
    abstract = {The presence of a Jupiter-mass companion to the star 51 Pegasi
                is inferred from observations of periodic variations in the
                star's radial velocity. The companion lies only about eight
                million kilometres from the star, which would be well inside
                the orbit of Mercury in our Solar System. This object might be
                a gas-giant planet that has migrated to this location through
                orbital evolution, or from the radiative stripping of a brown dwarf.},
    author = {Mayor, Michel and Queloz, Didier},
    booktitle = {Nature},
    doi = {10.1038/378355a0},
    isbn = {0028-0836},
    issn = {0028-0836},
    pages = {355--359},
    title = {{A Jupiter-mass companion to a solar-type star}},
    volume = {378},
    year = {1995}
}

@ARTICLE{HARPS,
   author = {{Mayor}, M. and {Pepe}, F. and {Queloz}, D. and {Bouchy}, F. and
    {Rupprecht}, G. and {Lo Curto}, G. and {Avila}, G. and {Benz}, W. and
    {Bertaux}, J.-L. and {Bonfils}, X. and {Dall}, T. and {Dekker}, H. and
    {Delabre}, B. and {Eckert}, W. and {Fleury}, M. and {Gilliotte}, A. and
    {Gojak}, D. and {Guzman}, J.~C. and {Kohler}, D. and {Lizon}, J.-L. and
    {Longinotti}, A. and {Lovis}, C. and {Megevand}, D. and {Pasquini}, L. and
    {Reyes}, J. and {Sivan}, J.-P. and {Sosnowska}, D. and {Soto}, R. and
    {Udry}, S. and {van Kesteren}, A. and {Weber}, L. and {Weilenmann}, U.
    },
    title = "{Setting New Standards with HARPS}",
  journal = {The Messenger},
     year = 2003,
    month = dec,
   volume = 114,
    pages = {20-24},
   adsurl = {http://adsabs.harvard.edu/abs/2003Msngr.114...20M},
  adsnote = {Provided by the SAO/NASA Astrophysics Data System}
}

@ARTICLE{Hartman2012,
   author = {{Hartman}, J.~D. and {Bakos}, G.~{\'A}. and {B{\'e}ky}, B. and
  {Torres}, G. and {Latham}, D.~W. and {Csubry}, Z. and {Penev}, K. and
  {Shporer}, A. and {Fulton}, B.~J. and {Buchhave}, L.~A. and
  {Johnson}, J.~A. and {Howard}, A.~W. and {Marcy}, G.~W. and
  {Fischer}, D.~A. and {Kov{\'a}cs}, G. and {Noyes}, R.~W. and
  {Esquerdo}, G.~A. and {Everett}, M. and {Szklen{\'a}r}, T. and
  {Quinn}, S.~N. and {Bieryla}, A. and {Knox}, R.~P. and {Hinz}, P. and
  {Sasselov}, D.~D. and {F{\H u}r{\'e}sz}, G. and {Stefanik}, R.~P. and
  {L{\'a}z{\'a}r}, J. and {Papp}, I. and {S{\'a}ri}, P.},
    title = "{HAT-P-39b-HAT-P-41b: Three Highly Inflated Transiting Hot Jupiters}",
  journal = {\aj},
 archivePrefix = "arXiv",
   eprint = {1207.3344},
 primaryClass = "astro-ph.EP",
 keywords = {planetary systems, stars: individual: GSC 1364-01424 GSC 3607-01028 GSC 0488-02442, techniques: photometric, techniques: spectroscopic},
     year = 2012,
    month = nov,
   volume = 144,
      eid = {139},
    pages = {139},
      doi = {10.1088/0004-6256/144/5/139},
   adsurl = {http://adsabs.harvard.edu/abs/2012AJ....144..139H},
  adsnote = {Provided by the SAO/NASA Astrophysics Data System}
}

@ARTICLE{Hartman2014,
   author = {{Hartman}, J.~D. and {Bakos}, G.~{\'A}. and {Torres}, G. and
  {Kov{\'a}cs}, G. and {Johnson}, J.~A. and {Howard}, A.~W. and
  {Marcy}, G.~W. and {Latham}, D.~W. and {Bieryla}, A. and {Buchhave}, L.~A. and
  {Bhatti}, W. and {B{\'e}ky}, B. and {Csubry}, Z. and {Penev}, K. and
  {de Val-Borro}, M. and {Noyes}, R.~W. and {Fischer}, D.~A. and
  {Esquerdo}, G.~A. and {Everett}, M. and {Szklen{\'a}r}, T. and
  {Zhou}, G. and {Bayliss}, D. and {Shporer}, A. and {Fulton}, B.~J. and
  {Sanchis-Ojeda}, R. and {Falco}, E. and {L{\'a}z{\'a}r}, J. and
  {Papp}, I. and {S{\'a}ri}, P.},
    title = "{HAT-P-44b, HAT-P-45b, and HAT-P-46b: Three Transiting Hot Jupiters in Possible Multi-planet Systems}",
  journal = {\aj},
 archivePrefix = "arXiv",
   eprint = {1308.2937},
 primaryClass = "astro-ph.EP",
 keywords = {planetary systems, stars: individual: HAT-P-44 HAT-P-45 HAT-P-46, techniques: photometric, techniques: spectroscopic},
     year = 2014,
    month = jun,
   volume = 147,
      eid = {128},
    pages = {128},
      doi = {10.1088/0004-6256/147/6/128},
   adsurl = {http://adsabs.harvard.edu/abs/2014AJ....147..128H},
  adsnote = {Provided by the SAO/NASA Astrophysics Data System}
}

@ARTICLE{Kipping2010,
   author = {{Kipping}, D.~M. and {Bakos}, G.~{\'A}. and {Hartman}, J. and
  {Torres}, G. and {Shporer}, A. and {Latham}, D.~W. and {Kov{\'a}cs}, G. and
  {Noyes}, R.~W. and {Howard}, A.~W. and {Fischer}, D.~A. and
  {Johnson}, J.~A. and {Marcy}, G.~W. and {B{\'e}ky}, B. and {Perumpilly}, G. and
  {Esquerdo}, G.~A. and {Sasselov}, D.~D. and {Stefanik}, R.~P. and
  {L{\'a}z{\'a}r}, J. and {Papp}, I. and {S{\'a}ri}, P.},
    title = "{HAT-P-24b: An Inflated Hot Jupiter on a 3.36 Day Period Transiting a Hot, Metal-poor Star}",
  journal = {\apj},
 archivePrefix = "arXiv",
   eprint = {1008.3389},
 primaryClass = "astro-ph.EP",
 keywords = {planetary systems, stars: individual: HAT-P-24, techniques: photometric, techniques: spectroscopic},
     year = 2010,
    month = dec,
   volume = 725,
    pages = {2017-2028},
      doi = {10.1088/0004-637X/725/2/2017},
   adsurl = {http://adsabs.harvard.edu/abs/2010ApJ...725.2017K},
  adsnote = {Provided by the SAO/NASA Astrophysics Data System}
}

@ARTICLE{Lee2012,
   author = {{Lee}, J.~W. and {Youn}, J.-H. and {Kim}, S.-L. and {Lee}, C.-U. and
  {Hinse}, T.~C.},
    title = "{The Sub-Saturn Mass Transiting Planet HAT-P-12b}",
  journal = {\aj},
 archivePrefix = "arXiv",
   eprint = {1201.6419},
 primaryClass = "astro-ph.EP",
 keywords = {planetary systems, stars: individual: HAT-P-12, techniques: photometric},
     year = 2012,
    month = apr,
   volume = 143,
      eid = {95},
    pages = {95},
      doi = {10.1088/0004-6256/143/4/95},
   adsurl = {http://adsabs.harvard.edu/abs/2012AJ....143...95L},
  adsnote = {Provided by the SAO/NASA Astrophysics Data System}
}

@ARTICLE{Lee2013,
   author = {{Lee}, B.-C. and {Han}, I. and {Park}, M.-G.},
    title = "{Planetary companions orbiting M giants HD 208527 and HD 220074}",
  journal = {\aap},
 archivePrefix = "arXiv",
   eprint = {1211.2051},
 primaryClass = "astro-ph.SR",
 keywords = {planetary systems, stars: individual: HD 208527, techniques: radial velocities, stars: individual: HD 220074},
     year = 2013,
    month = jan,
   volume = 549,
      eid = {A2},
    pages = {A2},
      doi = {10.1051/0004-6361/201220301},
   adsurl = {http://adsabs.harvard.edu/abs/2013A%26A...549A...2L},
  adsnote = {Provided by the SAO/NASA Astrophysics Data System}
}

@ARTICLE{Lee2014,
   author = {{Lee}, B.-C. and {Han}, I. and {Park}, M.-G. and {Mkrtichian}, D.~E. and
  {Hatzes}, A.~P. and {Kim}, K.-M.},
    title = "{Planetary companions in K giants {$\beta$} Cancri, {$\mu$} Leonis, and {$\beta$} Ursae Minoris}",
  journal = {\aap},
 archivePrefix = "arXiv",
   eprint = {1405.2127},
 primaryClass = "astro-ph.EP",
 keywords = {instrumentation: spectrographs, techniques: radial velocities, planetary systems},
     year = 2014,
    month = jun,
   volume = 566,
      eid = {A67},
    pages = {A67},
      doi = {10.1051/0004-6361/201322608},
   adsurl = {http://adsabs.harvard.edu/abs/2014A%26A...566A..67L},
  adsnote = {Provided by the SAO/NASA Astrophysics Data System}
}

@ARTICLE{Lindgren2016,
   author = {{Lindgren}, S. and {Heiter}, U. and {Seifahrt}, A.},
    title = "{Metallicity determination of M dwarfs. High-resolution infrared spectroscopy}",
  journal = {\aap},
 archivePrefix = "arXiv",
   eprint = {1510.06642},
 primaryClass = "astro-ph.SR",
 keywords = {stars: abundances, stars: low-mass, techniques: spectroscopic},
     year = 2016,
    month = feb,
   volume = 586,
      eid = {A100},
    pages = {A100},
      doi = {10.1051/0004-6361/201526602},
   adsurl = {http://adsabs.harvard.edu/abs/2016A%26A...586A.100L},
  adsnote = {Provided by the SAO/NASA Astrophysics Data System}
}

@ARTICLE{Luck2015,
   author = {{Luck}, R.~E.},
    title = "{Abundances in the Local Region. I. G and K Giants}",
  journal = {\aj},
 archivePrefix = "arXiv",
   eprint = {1507.01466},
 primaryClass = "astro-ph.SR",
 keywords = {Galaxy: abundances, stars: abundances, stars: evolution, stars: fundamental parameters},
     year = 2015,
    month = sep,
   volume = 150,
      eid = {88},
    pages = {88},
      doi = {10.1088/0004-6256/150/3/88},
   adsurl = {http://adsabs.harvard.edu/abs/2015AJ....150...88L},
  adsnote = {Provided by the SAO/NASA Astrophysics Data System}
}

@ARTICLE{Massarotti2008,
   author = {{Massarotti}, A. and {Latham}, D.~W. and {Stefanik}, R.~P. and
  {Fogel}, J.},
    title = "{Rotational and Radial Velocities for a Sample of 761 HIPPARCOS Giants and the Role of Binarity}",
  journal = {\aj},
 keywords = {stars: AGB and post-AGB, stars: evolution, stars: rotation, binaries: spectroscopic, planetary systems, techniques: spectroscopic},
     year = 2008,
    month = jan,
   volume = 135,
    pages = {209-231},
      doi = {10.1088/0004-6256/135/1/209},
   adsurl = {http://adsabs.harvard.edu/abs/2008AJ....135..209M},
  adsnote = {Provided by the SAO/NASA Astrophysics Data System}
}

@MISC{Mayor1995,
    abstract = {The presence of a Jupiter-mass companion to the star 51 Pegasi
                is inferred from observations of periodic variations in the
                star's radial velocity. The companion lies only about eight
                million kilometres from the star, which would be well inside
                the orbit of Mercury in our Solar System. This object might be
                a gas-giant planet that has migrated to this location through
                orbital evolution, or from the radiative stripping of a brown dwarf.},
    author = {Mayor, Michel and Queloz, Didier},
     booktitle = {Nature},
    doi = {10.1038/378355a0},
    isbn = {0028-0836},
    issn = {0028-0836},
    pages = {355--359},
    title = {{A Jupiter-mass companion to a solar-type star}},
    volume = {378},
    year = {1995}
}

@ARTICLE{McWilliam1990,
   author = {{McWilliam}, A.},
    title = "{High-resolution spectroscopic survey of 671 GK giants. I - Stellar atmosphere parameters and abundances}",
  journal = {\apjs},
 keywords = {Abundance, Giant Stars, Late Stars, Stellar Atmospheres, Stellar Spectra, Color-Color Diagram, G Stars, High Resolution, K Stars, Stellar Color, Stellar Temperature},
     year = 1990,
    month = dec,
   volume = 74,
    pages = {1075-1128},
      doi = {10.1086/191527},
   adsurl = {http://adsabs.harvard.edu/abs/1990ApJS...74.1075M},
  adsnote = {Provided by the SAO/NASA Astrophysics Data System}
}

@ARTICLE{Melendez1999,
   author = {{Mel{\'e}ndez}, J. and {Barbuy}, B.},
    title = "{Oscillator Strengths and Damping Constants for Atomic Lines in the J and H Bands}",
  journal = {\apjs},
   eprint = {astro-ph/9908296},
 keywords = {LINE: IDENTIFICATION, MOLECULAR DATA, Line: Identification, Molecular Data},
     year = 1999,
    month = oct,
   volume = 124,
    pages = {527-546},
      doi = {10.1086/313261},
   adsurl = {http://adsabs.harvard.edu/abs/1999ApJS..124..527M},
  adsnote = {Provided by the SAO/NASA Astrophysics Data System}
}

@ARTICLE{Meszaros2012,
   author = {{M{\'e}sz{\'a}ros}, S. and {Allende Prieto}, C. and {Edvardsson}, B. and
    {Castelli}, F. and {Garc{\'{\i}}a P{\'e}rez}, A.~E. and {Gustafsson}, B. and
    {Majewski}, S.~R. and {Plez}, B. and {Schiavon}, R. and {Shetrone}, M. and
    {de Vicente}, A.},
    title = "{New ATLAS9 and MARCS Model Atmosphere Grids for the Apache Point Observatory Galactic Evolution Experiment (APOGEE)}",
  journal = {\aj},
 archivePrefix = "arXiv",
   eprint = {1208.1916},
 primaryClass = "astro-ph.SR",
 keywords = {astrochemistry, radiative transfer, stars: atmospheres, surveys},
     year = 2012,
    month = oct,
   volume = 144,
      eid = {120},
    pages = {120},
      doi = {10.1088/0004-6256/144/4/120},
   adsurl = {http://adsabs.harvard.edu/abs/2012AJ....144..120M},
  adsnote = {Provided by the SAO/NASA Astrophysics Data System}
}

@ARTICLE{Michel2008,
   author = {{Michel}, E. and {Baglin}, A. and {Weiss}, W.~W. and {Auvergne}, M. and
    {Catala}, C. and {Aerts}, C. and {Appourchaux}, T. and {Barban}, C. and
    {Baudin}, F. and {Briquet}, M. and {Carrier}, F. and {Degroote}, P. and
    {De Ridder}, J. and {Garcia}, R.~A. and {Garrido}, R. and {Guti{\'e}rrez-Soto}, J. and
    {Kallinger}, T. and {Lefevre}, L. and {Neiner}, C. and {Poretti}, E. and
    {Samadi}, R. and {Sarro}, L. and {Alecian}, G. and {Andrade}, L. and
    {Ballot}, J. and {Benomar}, O. and {Berthomieu}, G. and {Boumier}, P. and
    {Charpinet}, S. and {de Batz}, B. and {Deheuvels}, S. and {Dupret}, M.-A. and
    {Emilio}, M. and {Fabregat}, J. and {Facanha}, W. and {Floquet}, M. and
    {Fr{\'e}mat}, Y. and {Fridlund}, M. and {Goupil}, M.-J. and
    {Grotsch-Noels}, A. and {Handler}, G. and {Huat}, A.-L. and
    {Hubert}, A.-M. and {Janot-Pacheco}, E. and {Kjeldsen}, H. and
    {Lebreton}, Y. and {Leroy}, B. and {Martayan}, C. and {Mathias}, P. and
    {Miglio}, A. and {Montalban}, J. and {Monteiro}, M.~J.~P.~F.~G. and
    {Mosser}, B. and {Provost}, J and {Regulo}, C. and {Renan de Medeiros}, J. and
    {Ribas}, I. and {Roca Cort{\'e}s}, T. and {Roxburgh}, I. and
    {Suso}, J. and {Thoul}, A. and {Toutain}, T. and {Tiphene}, D. and
    {Turck-Chieze}, S. and {Vauclair}, S. and {Vauclair}, G. and
    {Zwintz}, K.},
    title = "{First asteroseismic results from CoRoT}",
  journal = {Communications in Asteroseismology},
     year = 2008,
    month = dec,
   volume = 156,
    pages = {73-87},
   adsurl = {http://adsabs.harvard.edu/abs/2008CoAst.156...73M},
  adsnote = {Provided by the SAO/NASA Astrophysics Data System}
}

@ARTICLE{Mortier2013,
   author = {{Mortier}, A. and {Santos}, N.~C. and {Sousa}, S. and {Israelian}, G. and
    {Mayor}, M. and {Udry}, S.},
    title = "{On the functional form of the metallicity-giant planet correlation}",
  journal = {\aap},
 archivePrefix = "arXiv",
   eprint = {1302.1851},
 primaryClass = "astro-ph.EP",
 keywords = {methods: statistical, planet-star interactions, stars: abundances},
     year = 2013,
    month = mar,
   volume = 551,
      eid = {A112},
    pages = {A112},
      doi = {10.1051/0004-6361/201220707},
   adsurl = {http://cdsads.u-strasbg.fr/abs/2013A%26A...551A.112M},
  adsnote = {Provided by the SAO/NASA Astrophysics Data System}
}

@ARTICLE{Mortier2013b,
   author = {{Mortier}, A. and {Santos}, N.~C. and {Sousa}, S.~G. and {Adibekyan}, V.~Z. and
  {Delgado Mena}, E. and {Tsantaki}, M. and {Israelian}, G. and
  {Mayor}, M.},
    title = "{New and updated stellar parameters for 71 evolved planet hosts. On the metallicity-giant planet connection}",
  journal = {\aap},
 archivePrefix = "arXiv",
   eprint = {1307.7870},
 primaryClass = "astro-ph.EP",
 keywords = {stars: abundances, stars: fundamental parameters, techniques: spectroscopic, methods: observational, methods: statistical},
     year = 2013,
    month = sep,
   volume = 557,
      eid = {A70},
    pages = {A70},
      doi = {10.1051/0004-6361/201321641},
   adsurl = {http://adsabs.harvard.edu/abs/2013A%26A...557A..70M},
  adsnote = {Provided by the SAO/NASA Astrophysics Data System}
}

@ARTICLE{Mortier2013c,
   author = {{Mortier}, A. and {Santos}, N.~C. and {Sousa}, S.~G. and {Fernandes}, J.~M. and
  {Adibekyan}, V.~Z. and {Delgado Mena}, E. and {Montalto}, M. and
  {Israelian}, G.},
    title = "{New and updated stellar parameters for 90 transit hosts. The effect of the surface gravity}",
  journal = {\aap},
 archivePrefix = "arXiv",
   eprint = {1309.1998},
 primaryClass = "astro-ph.EP",
 keywords = {stars: fundamental parameters, stars: abundances, planets and satellites: fundamental parameters, techniques: spectroscopic},
     year = 2013,
    month = oct,
   volume = 558,
      eid = {A106},
    pages = {A106},
      doi = {10.1051/0004-6361/201322240},
   adsurl = {http://adsabs.harvard.edu/abs/2013A%26A...558A.106M},
  adsnote = {Provided by the SAO/NASA Astrophysics Data System}
}

@ARTICLE{Mortier2014,
   author = {{Mortier}, A. and {Sousa}, S.~G. and {Adibekyan}, V.~Z. and
    {Brand{\~a}o}, I.~M. and {Santos}, N.~C.},
    title = "{Correcting the spectroscopic surface gravity using transits and
              asteroseismology. No significant effect on temperatures or
              metallicities with ARES and MOOG in local thermodynamic equilibrium}",
  journal = {\aap},
 archivePrefix = "arXiv",
   eprint = {1410.1310},
 primaryClass = "astro-ph.SR",
 keywords = {stars: fundamental parameters, stars: abundances, techniques: spectroscopic, asteroseismology},
     year = 2014,
    month = dec,
   volume = 572,
      eid = {A95},
    pages = {A95},
      doi = {10.1051/0004-6361/201424537},
   adsurl = {http://adsabs.harvard.edu/abs/2014A%26A...572A..95M},
  adsnote = {Provided by the SAO/NASA Astrophysics Data System}
}

@MISC{Morton2015,
   author = {{Morton}, T.~D.},
    title = "{isochrones: Stellar model grid package}",
 keywords = {Software},
 howpublished = {Astrophysics Source Code Library},
     year = 2015,
    month = mar,
 archivePrefix = "ascl",
   eprint = {1503.010},
   adsurl = {http://adsabs.harvard.edu/abs/2015ascl.soft03010M},
  adsnote = {Provided by the SAO/NASA Astrophysics Data System}
}

@ARTICLE{Morton2016,
   author = {{Morton}, T.~D. and {Bryson}, S.~T. and {Coughlin}, J.~L. and
    {Rowe}, J.~F. and {Ravichandran}, G. and {Petigura}, E.~A. and
    {Haas}, M.~R. and {Batalha}, N.~M.},
    title = "{False Positive Probabilities for all Kepler Objects of Interest: 1284 Newly Validated Planets and 428 Likely False Positives}",
  journal = {\apj},
 archivePrefix = "arXiv",
   eprint = {1605.02825},
 primaryClass = "astro-ph.EP",
 keywords = {methods: statistical, planetary systems },
     year = 2016,
    month = may,
   volume = 822,
      eid = {86},
    pages = {86},
      doi = {10.3847/0004-637X/822/2/86},
   adsurl = {http://adsabs.harvard.edu/abs/2016ApJ...822...86M},
  adsnote = {Provided by the SAO/NASA Astrophysics Data System}
}

@ARTICLE{Motalebi2015,
   author = {{Motalebi}, F. and {Udry}, S. and {Gillon}, M. and {Lovis}, C. and
  {S{\'e}gransan}, D. and {Buchhave}, L.~A. and {Demory}, B.~O. and
  {Malavolta}, L. and {Dressing}, C.~D. and {Sasselov}, D. and
  {Rice}, K. and {Charbonneau}, D. and {Collier Cameron}, A. and
  {Latham}, D. and {Molinari}, E. and {Pepe}, F. and {Affer}, L. and
  {Bonomo}, A.~S. and {Cosentino}, R. and {Dumusque}, X. and {Figueira}, P. and
  {Fiorenzano}, A.~F.~M. and {Gettel}, S. and {Harutyunyan}, A. and
  {Haywood}, R.~D. and {Johnson}, J. and {Lopez}, E. and {Lopez-Morales}, M. and
  {Mayor}, M. and {Micela}, G. and {Mortier}, A. and {Nascimbeni}, V. and
  {Philips}, D. and {Piotto}, G. and {Pollacco}, D. and {Queloz}, D. and
  {Sozzetti}, A. and {Vanderburg}, A. and {Watson}, C.~A.},
    title = "{The HARPS-N Rocky Planet Search. I. HD 219134 b: A transiting rocky planet in a multi-planet system at 6.5 pc from the Sun}",
  journal = {\aap},
 archivePrefix = "arXiv",
   eprint = {1507.08532},
 primaryClass = "astro-ph.EP",
 keywords = {techniques: radial velocities, techniques: photometric, stars: individual: HD 219134, binaries: eclipsing, instrumentation: spectrographs},
     year = 2015,
    month = dec,
   volume = 584,
      eid = {A72},
    pages = {A72},
      doi = {10.1051/0004-6361/201526822},
   adsurl = {http://adsabs.harvard.edu/abs/2015A%26A...584A..72M},
  adsnote = {Provided by the SAO/NASA Astrophysics Data System}
}

@ARTICLE{Moutou2015,
   author = {{Moutou}, C. and {Lo Curto}, G. and {Mayor}, M. and {Bouchy}, F. and
  {Benz}, W. and {Lovis}, C. and {Naef}, D. and {Pepe}, F. and
  {Queloz}, D. and {Santos}, N.~C. and {S{\'e}gransan}, D. and
  {Sousa}, S.~G. and {Udry}, S.},
    title = "{The HARPS search for southern extra-solar planets. XXXVII. Five new long-period giant planets and a system update}",
  journal = {\aap},
 archivePrefix = "arXiv",
   eprint = {1412.6591},
 primaryClass = "astro-ph.EP",
 keywords = {planetary systems, techniques: radial velocities, techniques: spectroscopic, methods: observational},
     year = 2015,
    month = apr,
   volume = 576,
      eid = {A48},
    pages = {A48},
      doi = {10.1051/0004-6361/201424965},
   adsurl = {http://adsabs.harvard.edu/abs/2015A%26A...576A..48M},
  adsnote = {Provided by the SAO/NASA Astrophysics Data System}
}

@ARTICLE{Mucciarelli2013,
   author = {{Mucciarelli}, A. and {Pancino}, E. and {Lovisi}, L. and {Ferraro}, F.~R. and
    {Lapenna}, E.},
    title = "{GALA: An Automatic Tool for the Abundance Analysis of Stellar Spectra}",
  journal = {\apj},
 archivePrefix = "arXiv",
   eprint = {1302.3618},
 primaryClass = "astro-ph.IM",
 keywords = {methods: data analysis, stars: abundances, techniques: spectroscopic },
     year = 2013,
    month = apr,
   volume = 766,
      eid = {78},
    pages = {78},
      doi = {10.1088/0004-637X/766/2/78},
   adsurl = {http://adsabs.harvard.edu/abs/2013ApJ...766...78M},
  adsnote = {Provided by the SAO/NASA Astrophysics Data System}
}

@ARTICLE{Neuforge1997,
   author = {{Neuforge-Verheecke}, C. and {Magain}, P.},
    title = "{Spectroscopic analysis of the Alpha Centauri system}",
  journal = {\aap},
 keywords = {STARS: ALPHA  CENTAURI, STARS: BINARIES: VISUAL, ABUNDANCES, FUNDAMENTAL PARAMETERS},
     year = 1997,
    month = dec,
   volume = 328,
    pages = {261-268},
   adsurl = {http://adsabs.harvard.edu/abs/1997A%26A...328..261N},
  adsnote = {Provided by the SAO/NASA Astrophysics Data System}
}

@ARTICLE{Neves2009,
   author = {{Neves}, V. and {Santos}, N.~C. and {Sousa}, S.~G. and {Correia}, A.~C.~M. and
    {Israelian}, G.},
    title = "{Chemical abundances of 451 stars from the HARPS GTO planet search program. Thin disc, thick disc, and planets}",
  journal = {\aap},
 archivePrefix = "arXiv",
   eprint = {0902.3374},
 primaryClass = "astro-ph.GA",
 keywords = {stars: abundances, Galaxy: abundances, stars: fundamental parameters, stars: planetary systems, Galaxy: disk, Galaxy: solar neighbourhood},
     year = 2009,
    month = apr,
   volume = 497,
    pages = {563-581},
      doi = {10.1051/0004-6361/200811328},
   adsurl = {http://adsabs.harvard.edu/abs/2009A%26A...497..563N},
  adsnote = {Provided by the SAO/NASA Astrophysics Data System}
}

@ARTICLE{Neveu2014,
   author = {{Neveu-VanMalle}, M. and {Queloz}, D. and {Anderson}, D.~R. and
  {Charbonnel}, C. and {Collier Cameron}, A. and {Delrez}, L. and
  {Gillon}, M. and {Hellier}, C. and {Jehin}, E. and {Lendl}, M. and
  {Maxted}, P.~F.~L. and {Pepe}, F. and {Pollacco}, D. and {S{\'e}gransan}, D. and
  {Smalley}, B. and {Smith}, A.~M.~S. and {Southworth}, J. and
  {Triaud}, A.~H.~M.~J. and {Udry}, S. and {West}, R.~G.},
    title = "{WASP-94 A and B planets: hot-Jupiter cousins in a twin-star system}",
  journal = {\aap},
 archivePrefix = "arXiv",
   eprint = {1409.7566},
 primaryClass = "astro-ph.EP",
 keywords = {planetary systems, stars: individual: WASP-94, techniques: photometric, techniques: radial velocities, techniques: spectroscopic, binaries: visual},
     year = 2014,
    month = dec,
   volume = 572,
      eid = {A49},
    pages = {A49},
      doi = {10.1051/0004-6361/201424744},
   adsurl = {http://adsabs.harvard.edu/abs/2014A%26A...572A..49N},
  adsnote = {Provided by the SAO/NASA Astrophysics Data System}
}

@BOOK{Newton1687,
   author = {{Newton}, I.},
    title = "{Philosophiae Naturalis Principia Mathematica. Auctore Js. Newton}",
 booktitle = {Philosophiae Naturalis Principia Mathematica.~Auctore Js.~Newton, by Newton, Isaac, 1687.},
     year = 1687,
      doi = {10.3931/e-rara-440},
   adsurl = {http://adsabs.harvard.edu/abs/1687pnpm.book.....N},
  adsnote = {Provided by the SAO/NASA Astrophysics Data System}
}

@ARTICLE{Ngo2016,
   author = {{Ngo}, H. and {Knutson}, H.~A. and {Hinkley}, S. and {Bryan}, M. and
  {Crepp}, J.~R. and {Batygin}, K. and {Crossfield}, I. and {Hansen}, B. and
  {Howard}, A.~W. and {Johnson}, J.~A. and {Mawet}, D. and {Morton}, T.~D. and
  {Muirhead}, P.~S. and {Wang}, J.},
    title = "{Friends of Hot Jupiters. IV. Stellar Companions Beyond 50 au Might Facilitate Giant Planet Formation, but Most are Unlikely to Cause Kozai-Lidov Migration}",
  journal = {\apj},
 archivePrefix = "arXiv",
   eprint = {1606.07102},
 primaryClass = "astro-ph.EP",
 keywords = {binaries: close, binaries: eclipsing, methods: observational, planetary systems, planets and satellites: dynamical evolution and stability, techniques: high angular resolution},
     year = 2016,
    month = aug,
   volume = 827,
      eid = {8},
    pages = {8},
      doi = {10.3847/0004-637X/827/1/8},
   adsurl = {http://adsabs.harvard.edu/abs/2016ApJ...827....8N},
  adsnote = {Provided by the SAO/NASA Astrophysics Data System}
}

@ARTICLE{Nicholls2017,
   author = {{Nicholls}, C.~P. and {Lebzelter}, T. and {Smette}, A. and {Wolff}, B. and
  {Hartman}, H. and {K{\"a}ufl}, H.-U. and {Przybilla}, N. and
  {Ramsay}, S. and {Uttenthaler}, S. and {Wahlgren}, G.~M. and
  {Bagnulo}, S. and {Hussain}, G.~A.~J. and {Nieva}, M.-F. and
  {Seemann}, U. and {Seifahrt}, A.},
    title = "{CRIRES-POP: a library of high resolution spectra in the near-infrared. II. Data reduction and the spectrum of the K giant 10 Leonis}",
  journal = {\aap},
 archivePrefix = "arXiv",
   eprint = {1609.07873},
 primaryClass = "astro-ph.SR",
 keywords = {atlases, stars: atmospheres, stars: late-type, techniques: spectroscopic, infrared: stars, atmospheric effects},
     year = 2017,
    month = feb,
   volume = 598,
      eid = {A79},
    pages = {A79},
      doi = {10.1051/0004-6361/201629244},
   adsurl = {http://adsabs.harvard.edu/abs/2017A%26A...598A..79N},
  adsnote = {Provided by the SAO/NASA Astrophysics Data System}
}

@ARTICLE{Niedzielski2015,
   author = {{Niedzielski}, A. and {Wolszczan}, A. and {Nowak}, G. and {Adam{\'o}w}, M. and
  {Kowalik}, K. and {Maciejewski}, G. and {Deka-Szymankiewicz}, B. and
  {Adamczyk}, M.},
    title = "{Three Red Giants With Substellar-Mass Companions}",
  journal = {\apj},
 archivePrefix = "arXiv",
   eprint = {1501.07076},
 primaryClass = "astro-ph.SR",
 keywords = {planetary systems, stars: individual: BD+49 828 b, HD 95127 b, HD 216536 b},
     year = 2015,
    month = apr,
   volume = 803,
      eid = {1},
    pages = {1},
      doi = {10.1088/0004-637X/803/1/1},
   adsurl = {http://adsabs.harvard.edu/abs/2015ApJ...803....1N},
  adsnote = {Provided by the SAO/NASA Astrophysics Data System}
}

@ARTICLE{Niedzielski2015a,
   author = {{Niedzielski}, A. and {Villaver}, E. and {Wolszczan}, A. and
  {Adam{\'o}w}, M. and {Kowalik}, K. and {Maciejewski}, G. and
  {Nowak}, G. and {Garc{\'{\i}}a-Hern{\'a}ndez}, D.~A. and {Deka}, B. and
  {Adamczyk}, M.},
    title = "{Tracking Advanced Planetary Systems (TAPAS) with HARPS-N . I. A multiple planetary system around the red giant star TYC 1422-614-1}",
  journal = {\aap},
 archivePrefix = "arXiv",
   eprint = {1410.5971},
 primaryClass = "astro-ph.EP",
 keywords = {planets and satellites: detection, planets and satellites: individual: TYC 1422 614 1, planetary systems, stars: late-type},
     year = 2015,
    month = jan,
   volume = 573,
      eid = {A36},
    pages = {A36},
      doi = {10.1051/0004-6361/201424399},
   adsurl = {http://adsabs.harvard.edu/abs/2015A%26A...573A..36N},
  adsnote = {Provided by the SAO/NASA Astrophysics Data System}
}

@ARTICLE{Niedzielski2016,
   author = {{Niedzielski}, A. and {Villaver}, E. and {Nowak}, G. and {Adam{\'o}w}, M. and
    {Kowalik}, K. and {Wolszczan}, A. and {Deka-Szymankiewicz}, B. and
    {Adamczyk}, M. and {Maciejewski}, G.},
    title = "{Tracking Advanced Planetary Systems (TAPAS) with HARPS-N. III. HD 5583 and BD+15 2375 - two cool giants with warm companions}",
  journal = {\aap},
 archivePrefix = "arXiv",
   eprint = {1601.06832},
 primaryClass = "astro-ph.EP",
 keywords = {stars: evolution, planets and satellites: individual: HD 5583, planet-star interactions, stars: late-type, planets and satellites: individual: BD+15 2375},
     year = 2016,
    month = apr,
   volume = 588,
      eid = {A62},
    pages = {A62},
      doi = {10.1051/0004-6361/201527869},
   adsurl = {http://adsabs.harvard.edu/abs/2016A%26A...588A..62N},
  adsnote = {Provided by the SAO/NASA Astrophysics Data System}
}

@INPROCEEDINGS{NIRPS,
   author = {{Conod}, U. and {Blind}, N. and {Wildi}, F. and {Pepe}, F.},
    title = "{Adaptive optics for high resolution spectroscopy: a direct application with the future NIRPS spectrograph}",
 booktitle = {Society of Photo-Optical Instrumentation Engineers (SPIE) Conference Series},
     year = 2016,
   series = {\procspie},
   volume = 9909,
 archivePrefix = "arXiv",
   eprint = {1608.01124},
 primaryClass = "astro-ph.IM",
    month = jul,
      eid = {990941},
    pages = {990941},
      doi = {10.1117/12.2233651},
   adsurl = {http://adsabs.harvard.edu/abs/2016SPIE.9909E..41C},
  adsnote = {Provided by the SAO/NASA Astrophysics Data System}
}

@ARTICLE{Nowak2013,
   author = {{Nowak}, G. and {Niedzielski}, A. and {Wolszczan}, A. and {Adam{\'o}w}, M. and
    {Maciejewski}, G.},
    title = "{BD+15 2940 and HD 233604: Two Giants with Planets Close to the Engulfment Zone}",
  journal = {\apj},
 archivePrefix = "arXiv",
   eprint = {1304.6755},
 primaryClass = "astro-ph.SR",
 keywords = {planetary systems, stars: individual: BD+15 2940 HD 233604 HD 209458 HD 88133 HD 166435},
     year = 2013,
    month = jun,
   volume = 770,
      eid = {53},
    pages = {53},
      doi = {10.1088/0004-637X/770/1/53},
   adsurl = {http://adsabs.harvard.edu/abs/2013ApJ...770...53N},
  adsnote = {Provided by the SAO/NASA Astrophysics Data System}
}

@ARTICLE{Onehag2012,
    author = {{{\"O}nehag}, A. and {Heiter}, U. and {Gustafsson}, B. and {Piskunov}, N. and
    {Plez}, B. and {Reiners}, A.},
    title = "{M-dwarf metallicities. A high-resolution spectroscopic study in the near infrared}",
    journal = {\aap},
     archivePrefix = "arXiv",
    eprint = {1112.0141},
    primaryClass = "astro-ph.SR",
    keywords = {stars: abundances, techniques: spectroscopic, stars: atmospheres, stars: low-mass, binaries: visual},
    year = 2012,
    month = jun,
    volume = 542,
    eid = {A33},
    pages = {A33},
    doi = {10.1051/0004-6361/201118101},
    adsurl = {http://adsabs.harvard.edu/abs/2012A%26A...542A..33O},
    adsnote = {Provided by the SAO/NASA Astrophysics Data System}
}

@ARTICLE{Origlia2013,
   author = {{Origlia}, L. and {Oliva}, E. and {Maiolino}, R. and {Mucciarelli}, A. and
    {Baffa}, C. and {Biliotti}, V. and {Bruno}, P. and {Falcini}, G. and
    {Gavriousev}, V. and {Ghinassi}, F. and {Giani}, E. and {Gonzalez}, M. and
    {Leone}, F. and {Lodi}, M. and {Massi}, F. and {Montegriffo}, P. and
    {Mochi}, I. and {Pedani}, M. and {Rossetti}, E. and {Scuderi}, S. and
    {Sozzi}, M. and {Tozzi}, A.},
    title = "{GIANO-TNG spectroscopy of red supergiants in the young star cluster RSGC2}",
  journal = {\aap},
 archivePrefix = "arXiv",
   eprint = {1311.1639},
 keywords = {techniques: spectroscopic, supergiants, stars: abundances, infrared: stars},
     year = 2013,
    month = dec,
   volume = 560,
      eid = {A46},
    pages = {A46},
      doi = {10.1051/0004-6361/201322586},
   adsurl = {http://adsabs.harvard.edu/abs/2013A%26A...560A..46O},
  adsnote = {Provided by the SAO/NASA Astrophysics Data System}
}

@ARTICLE{Park2013,
   author = {{Park}, S. and {Kang}, W. and {Lee}, J.-E. and {Lee}, S.-G.},
    title = "{Wilson-Bappu Effect: Extended to Surface Gravity}",
  journal = {\aj},
 archivePrefix = "arXiv",
   eprint = {1307.0592},
 primaryClass = "astro-ph.SR",
 keywords = {stars: fundamental parameters, stars: late-type, techniques: spectroscopic},
     year = 2013,
    month = oct,
   volume = 146,
      eid = {73},
    pages = {73},
      doi = {10.1088/0004-6256/146/4/73},
   adsurl = {http://adsabs.harvard.edu/abs/2013AJ....146...73P},
  adsnote = {Provided by the SAO/NASA Astrophysics Data System}
}

@ARTICLE{Penev2013,
   author = {{Penev}, K. and {Bakos}, G.~{\'A}. and {Bayliss}, D. and {Jord{\'a}n}, A. and
  {Mohler}, M. and {Zhou}, G. and {Suc}, V. and {Rabus}, M. and
  {Hartman}, J.~D. and {Mancini}, L. and {B{\'e}ky}, B. and {Csubry}, Z. and
  {Buchhave}, L. and {Henning}, T. and {Nikolov}, N. and {Cs{\'a}k}, B. and
  {Brahm}, R. and {Espinoza}, N. and {Conroy}, P. and {Noyes}, R.~W. and
  {Sasselov}, D.~D. and {Schmidt}, B. and {Wright}, D.~J. and
  {Tinney}, C.~G. and {Addison}, B.~C. and {L{\'a}z{\'a}r}, J. and
  {Papp}, I. and {S{\'a}ri}, P.},
    title = "{HATS-1b: The First Transiting Planet Discovered by the HATSouth Survey}",
  journal = {\aj},
 archivePrefix = "arXiv",
   eprint = {1206.1524},
 primaryClass = "astro-ph.EP",
 keywords = {planetary systems, stars: individual: HATS-1 GSC 6652-00186, techniques: photometric, techniques: spectroscopic},
     year = 2013,
    month = jan,
   volume = 145,
      eid = {5},
    pages = {5},
      doi = {10.1088/0004-6256/145/1/5},
   adsurl = {http://adsabs.harvard.edu/abs/2013AJ....145....5P},
  adsnote = {Provided by the SAO/NASA Astrophysics Data System}
}

@ARTICLE{Pinsonneault2014,
   author = {{Pinsonneault}, M.~H. and {Elsworth}, Y. and {Epstein}, C. and
  {Hekker}, S. and {M{\'e}sz{\'a}ros}, S. and {Chaplin}, W.~J. and
  {Johnson}, J.~A. and {Garc{\'{\i}}a}, R.~A. and {Holtzman}, J. and
  {Mathur}, S. and {Garc{\'{\i}}a P{\'e}rez}, A. and {Silva Aguirre}, V. and
  {Girardi}, L. and {Basu}, S. and {Shetrone}, M. and {Stello}, D. and
  {Allende Prieto}, C. and {An}, D. and {Beck}, P. and {Beers}, T.~C. and
  {Bizyaev}, D. and {Bloemen}, S. and {Bovy}, J. and {Cunha}, K. and
  {De Ridder}, J. and {Frinchaboy}, P.~M. and {Garc{\'{\i}}a-Hern{\'a}ndez}, D.~A. and
  {Gilliland}, R. and {Harding}, P. and {Hearty}, F.~R. and {Huber}, D. and
  {Ivans}, I. and {Kallinger}, T. and {Majewski}, S.~R. and {Metcalfe}, T.~S. and
  {Miglio}, A. and {Mosser}, B. and {Muna}, D. and {Nidever}, D.~L. and
  {Schneider}, D.~P. and {Serenelli}, A. and {Smith}, V.~V. and
  {Tayar}, J. and {Zamora}, O. and {Zasowski}, G.},
    title = "{The APOKASC Catalog: An Asteroseismic and Spectroscopic Joint Survey of Targets in the Kepler Fields}",
  journal = {\apjs},
 archivePrefix = "arXiv",
   eprint = {1410.2503},
 primaryClass = "astro-ph.SR",
 keywords = {catalogs, stars: abundances, stars: fundamental parameters, stars: oscillations: including pulsations, surveys},
     year = 2014,
    month = dec,
   volume = 215,
      eid = {19},
    pages = {19},
      doi = {10.1088/0067-0049/215/2/19},
   adsurl = {http://adsabs.harvard.edu/abs/2014ApJS..215...19P},
  adsnote = {Provided by the SAO/NASA Astrophysics Data System}
}

@ARTICLE{Pourbaix2004,
   author = {{Pourbaix}, D. and {Tokovinin}, A.~A. and {Batten}, A.~H. and
    {Fekel}, F.~C. and {Hartkopf}, W.~I. and {Levato}, H. and {Morrell}, N.~I. and
    {Torres}, G. and {Udry}, S.},
    title = "{S$_{B<SUP>9</SUP>}$: The ninth catalogue of spectroscopic binary orbits}",
  journal = {\aap},
   eprint = {astro-ph/0406573},
 keywords = {stars: binaries: spectroscopic, astronomical data bases: miscellaneous, catalogs},
     year = 2004,
    month = sep,
   volume = 424,
    pages = {727-732},
      doi = {10.1051/0004-6361:20041213},
   adsurl = {http://cdsads.u-strasbg.fr/abs/2004A%26A...424..727P},
  adsnote = {Provided by the SAO/NASA Astrophysics Data System}
}

@BOOK{Press1992,
 author = {Press, William H. and Teukolsky, Saul A. and Vetterling, William T. and Flannery, Brian P.},
 title = {Numerical Recipes in C (2Nd Ed.): The Art of Scientific Computing},
 year = {1992},
 isbn = {0-521-43108-5},
 publisher = {Cambridge University Press},
 address = {New York, NY, USA},
}

@ARTICLE{Quinn2014,
   author = {{Quinn}, S.~N. and {White}, R.~J. and {Latham}, D.~W. and {Buchhave}, L.~A. and
  {Torres}, G. and {Stefanik}, R.~P. and {Berlind}, P. and {Bieryla}, A. and
  {Calkins}, M.~C. and {Esquerdo}, G.~A. and {F{\H u}r{\'e}sz}, G. and
  {Geary}, J.~C. and {Szentgyorgyi}, A.~H.},
    title = "{HD 285507b: An Eccentric Hot Jupiter in the Hyades Open Cluster}",
  journal = {\apj},
 archivePrefix = "arXiv",
   eprint = {1310.7328},
 primaryClass = "astro-ph.EP",
 keywords = {open clusters and associations: individual: Hyades Melotte 25, planets and satellites: detection, planets and satellites: dynamical evolution and stability, planet-star interactions, stars: individual: HD 285507},
     year = 2014,
    month = may,
   volume = 787,
      eid = {27},
    pages = {27},
      doi = {10.1088/0004-637X/787/1/27},
   adsurl = {http://adsabs.harvard.edu/abs/2014ApJ...787...27Q},
  adsnote = {Provided by the SAO/NASA Astrophysics Data System}
}

@ARTICLE{Ramirez2005a,
   author = {{Ram{\'{\i}}rez}, I. and {Mel{\'e}ndez}, J.},
    title = "{The Effective Temperature Scale of FGK Stars. II. T$_{eff}$:Color:[Fe/H] Calibrations}",
  journal = {\apj},
   eprint = {astro-ph/0503110},
 keywords = {Stars: Abundances, Stars: Atmospheres, Stars: Fundamental Parameters},
     year = 2005,
    month = jun,
   volume = 626,
    pages = {465-485},
      doi = {10.1086/430102},
   adsurl = {http://adsabs.harvard.edu/abs/2005ApJ...626..465R},
  adsnote = {Provided by the SAO/NASA Astrophysics Data System}
}

@ARTICLE{Ramirez2005b,
   author = {{Ram{\'{\i}}rez}, I. and {Mel{\'e}ndez}, J.},
    title = "{The Effective Temperature Scale of FGK Stars. I. Determination of Temperatures and Angular Diameters with the Infrared Flux Method}",
  journal = {\apj},
   eprint = {astro-ph/0503108},
 keywords = {Infrared: Stars, Stars: Atmospheres, Stars: Fundamental Parameters},
     year = 2005,
    month = jun,
   volume = 626,
    pages = {446-464},
      doi = {10.1086/430101},
   adsurl = {http://adsabs.harvard.edu/abs/2005ApJ...626..446R},
  adsnote = {Provided by the SAO/NASA Astrophysics Data System}
}

@ARTICLE{Ramirez2012,
   author = {{Ram{\'{\i}}rez}, I. and {Fish}, J.~R. and {Lambert}, D.~L. and
    {Allende Prieto}, C.},
    title = "{Lithium Abundances in nearby FGK Dwarf and Subgiant Stars: Internal Destruction, Galactic Chemical Evolution, and Exoplanets}",
  journal = {\apj},
 archivePrefix = "arXiv",
   eprint = {1207.0499},
 primaryClass = "astro-ph.SR",
 keywords = {planetary systems, stars: abundances, stars: evolution},
     year = 2012,
    month = sep,
   volume = 756,
      eid = {46},
    pages = {46},
      doi = {10.1088/0004-637X/756/1/46},
   adsurl = {http://cdsads.u-strasbg.fr/abs/2012ApJ...756...46R},
  adsnote = {Provided by the SAO/NASA Astrophysics Data System}
}

@ARTICLE{Ramirez2013,
   author = {{Ram{\'{\i}}rez}, I. and {Allende Prieto}, C. and {Lambert}, D.~L.
  },
    title = "{Oxygen Abundances in Nearby FGK Stars and the Galactic Chemical Evolution of the Local Disk and Halo}",
  journal = {\apj},
 archivePrefix = "arXiv",
   eprint = {1301.1582},
 primaryClass = "astro-ph.SR",
 keywords = {Galaxy: disk, Galaxy: evolution, Galaxy: formation, stars: abundances, stars: atmospheres, stars: fundamental parameters},
     year = 2013,
    month = feb,
   volume = 764,
      eid = {78},
    pages = {78},
      doi = {10.1088/0004-637X/764/1/78},
   adsurl = {http://adsabs.harvard.edu/abs/2013ApJ...764...78R},
  adsnote = {Provided by the SAO/NASA Astrophysics Data System}
}

@ARTICLE{Recio2006,
   author = {{Recio-Blanco}, A. and {Bijaoui}, A. and {de Laverny}, P.},
    title = "{Automated derivation of stellar atmospheric parameters and chemical abundances: the MATISSE algorithm}",
  journal = {\mnras},
   eprint = {astro-ph/0604385},
 keywords = {methods: data analysis: techniques: spectroscopic: stars:
             abundances: stars: fundamental parameters: Galaxy: stellar content,
             methods: data analysis, techniques: spectroscopic, stars: abundances, stars: fundamental parameters, Galaxy: stellar content},
     year = 2006,
    month = jul,
   volume = 370,
    pages = {141-150},
      doi = {10.1111/j.1365-2966.2006.10455.x},
   adsurl = {http://adsabs.harvard.edu/abs/2006MNRAS.370..141R},
  adsnote = {Provided by the SAO/NASA Astrophysics Data System}
}

@misc{Rhodin2015,
  abstract     = {Context. Effective temperature is one of the fundamental
                  stellar parameters. A traditional spectroscopic way to
                  determine it is from optical spectra using excitation balance
                  of Fe-lines. With technological advances and the advent of
                  the next generation telescopes there will be an emphasis on
                  the relatively unexplored near-IR (NIR) wavelength region
                  (1-5 \ensuremath{\mu}m). A method to determine the effective
                  temperature based on NIR spectra is needed. Aims. In a
                  proactive attempt, this thesis explores the NIR for the
                  potential of such a method. Reference iron-linelists are
                  created and optimised for the determination of stellar
                  parameters of cool stars (mainly giants). The K-giant
                  benchmark star, Arcturus (alpha-Boo), is used as a testbed
                  for the analysis. Methods. An IDL script is written to select
                  Fe-lines for stellar parameter diagnostics, with constraints
                  based on blend-percentage and line-strength. Empirical
                  line-strengths (astrophysical gf-values) of evaluated Fe-lines
                  are solved against the solar spectrum using 1D-LTE MARCS
                  model atmospheres and VALD to define atomic data. These are
                  used as input to generate synthetic spectra of Arcturus which
                  are confronted with high-resolution observations. The final
                  Fe-linelists are used to retrieve the fundamental stellar
                  parameters of Arcturus using SME for spectrum synthesis.
                  Results. The derived gf-values follow a one-to-one
                  correspondence with the available laboratory measurements.
                  Theoretically calculated values show a larger spread,
                  indicative of configuration interaction and level-mixing
                   With an independently determined surface gravity, the
                   effective temperature of Arcturus can be retrieved using
                   approximately 20 lines to a precision of {\textpm}50 K. The
                   Fe-linelists constructed for the J- and H-bands each span
                   excitation potentials of the same range as those constructed
                   for the optical spectral region used in other studies.
                  Conclusions. The results indicate that the NIR has a large
                  potential for the determination of effective temperature and
                  metallicity. The absence of observed Fe II lines suggests that
                  surface gravity must be determined by an independent method,
                  or alternatively using pressure-sensitive wings of strong lines in other atomic species.},
  author       = {Rhodin, Henrik},
  language     = {eng},
  note         = {Student Paper},
  series       = {Lund Observtory Examensarbeten},
  title        = {Determining the effective temperature of cool stars from near-infrared spectra},
  year         = {2015},
}

@ARTICLE{Rojas2012,
   author = {{Rojas-Ayala}, B. and {Covey}, K.~R. and {Muirhead}, P.~S. and
  {Lloyd}, J.~P.},
    title = "{Metallicity and Temperature Indicators in M Dwarf K-band Spectra: Testing New and Updated Calibrations with Observations of 133 Solar Neighborhood M Dwarfs}",
  journal = {\apj},
 archivePrefix = "arXiv",
   eprint = {1112.4567},
 primaryClass = "astro-ph.SR",
 keywords = {stars: abundances, stars: fundamental parameters, stars: late-type},
     year = 2012,
    month = apr,
   volume = 748,
      eid = {93},
    pages = {93},
      doi = {10.1088/0004-637X/748/2/93},
   adsurl = {http://adsabs.harvard.edu/abs/2012ApJ...748...93R},
  adsnote = {Provided by the SAO/NASA Astrophysics Data System}
}

@ARTICLE{Sato2008,
   author = {{Sato}, B. and {Izumiura}, H. and {Toyota}, E. and {Kambe}, E. and
    {Ikoma}, M. and {Omiya}, M. and {Masuda}, S. and {Takeda}, Y. and
    {Murata}, D. and {Itoh}, Y. and {Ando}, H. and {Yoshida}, M. and
    {Kokubo}, E. and {Ida}, S.},
    title = "{Planetary Companions around Three Intermediate-Mass G and K Giants: 18 Delphini, {$\xi$} Aquilae, and HD 81688}",
  journal = {\pasj},
 archivePrefix = "arXiv",
   eprint = {0802.2590},
 keywords = {planetary systems, stars: individual: 18Del, stars: individual: {$\xi$} Aql, stars: individual: HD81688, techniques: radial velocities},
     year = 2008,
    month = jun,
   volume = 60,
    pages = {539-550},
      doi = {10.1093/pasj/60.3.539},
   adsurl = {http://adsabs.harvard.edu/abs/2008PASJ...60..539S},
  adsnote = {Provided by the SAO/NASA Astrophysics Data System}
}

@ARTICLE{Sato2012,
   author = {{Sato}, B. and {Omiya}, M. and {Harakawa}, H. and {Izumiura}, H. and
    {Kambe}, E. and {Takeda}, Y. and {Yoshida}, M. and {Itoh}, Y. and
    {Ando}, H. and {Kokubo}, E. and {Ida}, S.},
    title = "{Substellar Companions to Seven Evolved Intermediate-Mass Stars}",
  journal = {\pasj},
 archivePrefix = "arXiv",
   eprint = {1207.3141},
 primaryClass = "astro-ph.EP",
 keywords = {stars: individual (HD 5608, 75 Cet, o UMa, o CrB, {$\nu$} Oph, {$\kappa$} CrB, HD 210702), stars: planetary systems, techniques: radial velocities},
     year = 2012,
    month = dec,
   volume = 64,
      doi = {10.1093/pasj/64.6.135},
   adsurl = {http://adsabs.harvard.edu/abs/2012PASJ...64..135S},
  adsnote = {Provided by the SAO/NASA Astrophysics Data System}
}

@ARTICLE{Sato2013,
   author = {{Sato}, B. and {Omiya}, M. and {Harakawa}, H. and {Liu}, Y.-J. and
    {Izumiura}, H. and {Kambe}, E. and {Takeda}, Y. and {Yoshida}, M. and
    {Itoh}, Y. and {Ando}, H. and {Kokubo}, E. and {Ida}, S.},
    title = "{Planetary Companions to Three Evolved Intermediate-Mass Stars: HD 2952, HD 120084, and {$\omega$} Serpentis}",
  journal = {\pasj},
 archivePrefix = "arXiv",
   eprint = {1304.4328},
 primaryClass = "astro-ph.EP",
 keywords = {planetary systems, stars: individual: HD 2952, stars: individual: HD 120084, stars: individual: {$\omega$} Ser, techniques: radial velocities},
     year = 2013,
    month = aug,
   volume = 65,
      doi = {10.1093/pasj/65.4.85},
   adsurl = {http://adsabs.harvard.edu/abs/2013PASJ...65...85S},
  adsnote = {Provided by the SAO/NASA Astrophysics Data System}
}

@ARTICLE{Sato2013b,
   author = {{Sato}, B. and {Omiya}, M. and {Wittenmyer}, R.~A. and {Harakawa}, H. and
  {Nagasawa}, M. and {Izumiura}, H. and {Kambe}, E. and {Takeda}, Y. and
  {Yoshida}, M. and {Itoh}, Y. and {Ando}, H. and {Kokubo}, E. and
  {Ida}, S.},
    title = "{A Double Planetary System around the Evolved Intermediate-mass Star HD 4732}",
  journal = {\apj},
 archivePrefix = "arXiv",
   eprint = {1210.6798},
 primaryClass = "astro-ph.EP",
 keywords = {planetary systems, stars: individual: HD 4732, techniques: radial velocities},
     year = 2013,
    month = jan,
   volume = 762,
      eid = {9},
    pages = {9},
      doi = {10.1088/0004-637X/762/1/9},
   adsurl = {http://adsabs.harvard.edu/abs/2013ApJ...762....9S},
  adsnote = {Provided by the SAO/NASA Astrophysics Data System}
}

@ARTICLE{Santos2003,
   author = {{Santos}, N.~C. and {Israelian}, G. and {Mayor}, M. and {Rebolo}, R. and
    {Udry}, S.},
    title = "{Statistical properties of exoplanets.  II. Metallicity, orbital parameters, and space velocities}",
  journal = {\aap},
   eprint = {astro-ph/0211211},
 keywords = {stars: abundances, stars: fundamental parameters, stars: chemically peculiar, stars: evolution, planetary systems, solar neighborhood},
     year = 2003,
    month = jan,
   volume = 398,
    pages = {363-376},
      doi = {10.1051/0004-6361:20021637},
   adsurl = {http://adsabs.harvard.edu/abs/2003A%26A...398..363S},
  adsnote = {Provided by the SAO/NASA Astrophysics Data System}
}

@ARTICLE{Santos2004,
   author = {{Santos}, N.~C. and {Israelian}, G. and {Mayor}, M.},
    title = "{Spectroscopic [Fe/H] for 98 extra-solar planet-host stars.  Exploring the probability of planet formation}",
  journal = {\aap},
   eprint = {astro-ph/0311541},
 keywords = {stars: abundances, stars: fundamental parameters, stars: planetary systems, stars: planetary systems: formation, stars: chemically peculiar},
     year = 2004,
    month = mar,
   volume = 415,
    pages = {1153-1166},
      doi = {10.1051/0004-6361:20034469},
   adsurl = {http://adsabs.harvard.edu/abs/2004A%26A...415.1153S},
  adsnote = {Provided by the SAO/NASA Astrophysics Data System}
}

@ARTICLE{Santos2013,
   author = {{Santos}, N.~C. and {Sousa}, S.~G. and {Mortier}, A. and {Neves}, V. and
    {Adibekyan}, V. and {Tsantaki}, M. and {Delgado Mena}, E. and
    {Bonfils}, X. and {Israelian}, G. and {Mayor}, M. and {Udry}, S.
    },
    title = "{SWEET-Cat: A catalogue of parameters for Stars With ExoplanETs. I. New atmospheric parameters and masses for 48 stars with planets}",
  journal = {\aap},
 archivePrefix = "arXiv",
   eprint = {1307.0354},
 primaryClass = "astro-ph.SR",
 keywords = {planetary systems, stars: solar-type, stars: abundances, catalogs},
     year = 2013,
    month = aug,
   volume = 556,
      eid = {A150},
    pages = {A150},
      doi = {10.1051/0004-6361/201321286},
   adsurl = {http://adsabs.harvard.edu/abs/2013A%26A...556A.150S},
  adsnote = {Provided by the SAO/NASA Astrophysics Data System}
}

@ARTICLE{Santos2017,
   author = {{Santos}, N.~C. and {Adibekyan}, V. and {Figueira}, P. and {Andreasen}, D.~T. and
  {Barros}, S.~C.~C. and {Delgado-Mena}, E. and {Demangeon}, O. and
  {Faria}, J.~P. and {Oshagh}, M. and {Sousa}, S.~G. and {Viana}, P.~T.~P. and
  {Ferreira}, A.~C.~S.},
    title = "{Observational evidence for two distinct giant planet populations}",
  journal = {ArXiv e-prints},
 archivePrefix = "arXiv",
   eprint = {1705.06090},
 primaryClass = "astro-ph.EP",
 keywords = {Astrophysics - Earth and Planetary Astrophysics},
     year = 2017,
    month = may,
   adsurl = {http://adsabs.harvard.edu/abs/2017arXiv170506090S},
  adsnote = {Provided by the SAO/NASA Astrophysics Data System}
}

@MISC{Seaborn,
  author       = {Michael Waskom and
                  Olga Botvinnik and
                  Paul Hobson and
                  John B. Cole and
                  Yaroslav Halchenko and
                  Stephan Hoyer and
                  Alistair Miles and
                  Tom Augspurger and
                  Tal Yarkoni and
                  Tobias Megies and
                  Luis Pedro Coelho and
                  Daniel Wehner and
                  cynddl and
                  Erik Ziegler and
                  diego0020 and
                  Yury V. Zaytsev and
                  Travis Hoppe and
                  Skipper Seabold and
                  Phillip Cloud and
                  Miikka Koskinen and
                  Kyle Meyer and
                  Adel Qalieh and
                  Dan Allan},
  title        = {seaborn: v0.5.0 (November 2014)},
  month        = nov,
  year         = 2014,
  doi          = {10.5281/zenodo.12710},
  url          = {http://dx.doi.org/10.5281/zenodo.12710}
}

@ARTICLE{Shetrone2015,
   author = {{Shetrone}, M. and {Bizyaev}, D. and {Lawler}, J. and {Allende Prieto}, C. and
    {Johnson}, J.~A. and {Smith}, V. and {Cunha}, K. and {Holtzman}, J. and
    {Garcia Perez}, A. and {Meszaros}, S. and {Sobeck}, J. and {Zamora}, O. and
    {Garcia-Hernandez}, A. and {Souto}, D. and {Chojnowski}, D. and
    {Koesterke}, L. and {Majewski}, S.},
    title = "{The APOGEE Spectral Line List for H band Spectroscopy}",
  journal = {ArXiv e-prints},
 archivePrefix = "arXiv",
   eprint = {1502.04080},
 primaryClass = "astro-ph.IM",
 keywords = {Astrophysics - Instrumentation and Methods for Astrophysics, Astrophysics - Astrophysics of Galaxies, Astrophysics - Solar and Stellar Astrophysics},
     year = 2015,
    month = feb,
   adsurl = {http://adsabs.harvard.edu/abs/2015arXiv150204080S},
  adsnote = {Provided by the SAO/NASA Astrophysics Data System}
}

@ARTICLE{Simpson2011,
   author = {{Simpson}, E.~K. and {Faedi}, F. and {Barros}, S.~C.~C. and
  {Brown}, D.~J.~A. and {Collier Cameron}, A. and {Hebb}, L. and
  {Pollacco}, D. and {Smalley}, B. and {Todd}, I. and {Butters}, O.~W. and
  {H{\'e}brard}, G. and {McCormac}, J. and {Miller}, G.~R.~M. and
  {Santerne}, A. and {Street}, R.~A. and {Skillen}, I. and {Triaud}, A.~H.~M.~J. and
  {Anderson}, D.~R. and {Bento}, J. and {Boisse}, I. and {Bouchy}, F. and
  {Enoch}, B. and {Haswell}, C.~A. and {Hellier}, C. and {Holmes}, S. and
  {Horne}, K. and {Keenan}, F.~P. and {Lister}, T.~A. and {Maxted}, P.~F.~L. and
  {Moulds}, V. and {Moutou}, C. and {Norton}, A.~J. and {Parley}, N. and
  {Pepe}, F. and {Queloz}, D. and {Segransan}, D. and {Smith}, A.~M.~S. and
  {Stempels}, H.~C. and {Udry}, S. and {Watson}, C.~A. and {West}, R.~G. and
  {Wheatley}, P.~J.},
    title = "{WASP-37b: A 1.8 M $_{J}$ Exoplanet Transiting a Metal-poor Star}",
  journal = {\aj},
 archivePrefix = "arXiv",
   eprint = {1008.3096},
 primaryClass = "astro-ph.EP",
 keywords = {planetary systems, stars: individual: WASP-37 GSC 00326-00658, techniques: photometric, techniques: spectroscopic},
     year = 2011,
    month = jan,
   volume = 141,
      eid = {8},
    pages = {8},
      doi = {10.1088/0004-6256/141/1/8},
   adsurl = {http://adsabs.harvard.edu/abs/2011AJ....141....8S},
  adsnote = {Provided by the SAO/NASA Astrophysics Data System}
}

@ARTICLE{Smette2015,
   author = {{Smette}, A. and {Sana}, H. and {Noll}, S. and {Horst}, H. and
  {Kausch}, W. and {Kimeswenger}, S. and {Barden}, M. and {Szyszka}, C. and
  {Jones}, A.~M. and {Gallenne}, A. and {Vinther}, J. and {Ballester}, P. and
  {Taylor}, J.},
    title = "{Molecfit: A general tool for telluric absorption correction. I. Method and application to ESO instruments}",
  journal = {\aap},
 archivePrefix = "arXiv",
   eprint = {1501.07239},
 primaryClass = "astro-ph.IM",
 keywords = {radiative transfer, atmospheric effects, instrumentation: spectrographs, methods: observational, methods: data analysis, techniques: spectroscopic},
     year = 2015,
    month = apr,
   volume = 576,
      eid = {A77},
    pages = {A77},
      doi = {10.1051/0004-6361/201423932},
   adsurl = {http://adsabs.harvard.edu/abs/2015A%26A...576A..77S},
  adsnote = {Provided by the SAO/NASA Astrophysics Data System}
}

@ARTICLE{Smiljanic2014,
   author = {{Smiljanic}, R. and {Korn}, A.~J. and {Bergemann}, M. and {Frasca}, A. and
  {Magrini}, L. and {Masseron}, T. and {Pancino}, E. and {Ruchti}, G. and
  {San Roman}, I. and {Sbordone}, L. and {Sousa}, S.~G. and {Tabernero}, H. and
  {Tautvai{\v s}ien{\.e}}, G. and {Valentini}, M. and {Weber}, M. and
  {Worley}, C.~C. and {Adibekyan}, V.~Z. and {Allende Prieto}, C. and
  {Barisevi{\v c}ius}, G. and {Biazzo}, K. and {Blanco-Cuaresma}, S. and
  {Bonifacio}, P. and {Bragaglia}, A. and {Caffau}, E. and {Cantat-Gaudin}, T. and
  {Chorniy}, Y. and {de Laverny}, P. and {Delgado-Mena}, E. and
  {Donati}, P. and {Duffau}, S. and {Franciosini}, E. and {Friel}, E. and
  {Geisler}, D. and {Gonz{\'a}lez Hern{\'a}ndez}, J.~I. and {Gruyters}, P. and
  {Guiglion}, G. and {Hansen}, C.~J. and {Heiter}, U. and {Hill}, V. and
  {Jacobson}, H.~R. and {Jofre}, P. and {J{\"o}nsson}, H. and
  {Lanzafame}, A.~C. and {Lardo}, C. and {Ludwig}, H.-G. and {Maiorca}, E. and
  {Mikolaitis}, {\v S}. and {Montes}, D. and {Morel}, T. and {Mucciarelli}, A. and
  {Mu{\~n}oz}, C. and {Nordlander}, T. and {Pasquini}, L. and
  {Puzeras}, E. and {Recio-Blanco}, A. and {Ryde}, N. and {Sacco}, G. and
  {Santos}, N.~C. and {Serenelli}, A.~M. and {Sordo}, R. and {Soubiran}, C. and
  {Spina}, L. and {Steffen}, M. and {Vallenari}, A. and {Van Eck}, S. and
  {Villanova}, S. and {Gilmore}, G. and {Randich}, S. and {Asplund}, M. and
  {Binney}, J. and {Drew}, J. and {Feltzing}, S. and {Ferguson}, A. and
  {Jeffries}, R. and {Micela}, G. and {Negueruela}, I. and {Prusti}, T. and
  {Rix}, H.-W. and {Alfaro}, E. and {Babusiaux}, C. and {Bensby}, T. and
  {Blomme}, R. and {Flaccomio}, E. and {Fran{\c c}ois}, P. and
  {Irwin}, M. and {Koposov}, S. and {Walton}, N. and {Bayo}, A. and
  {Carraro}, G. and {Costado}, M.~T. and {Damiani}, F. and {Edvardsson}, B. and
  {Hourihane}, A. and {Jackson}, R. and {Lewis}, J. and {Lind}, K. and
  {Marconi}, G. and {Martayan}, C. and {Monaco}, L. and {Morbidelli}, L. and
  {Prisinzano}, L. and {Zaggia}, S.},
    title = "{The Gaia-ESO Survey: The analysis of high-resolution UVES spectra of FGK-type stars}",
  journal = {\aap},
 archivePrefix = "arXiv",
   eprint = {1409.0568},
 primaryClass = "astro-ph.SR",
 keywords = {methods: data analysis, surveys, stars: abundances, stars: fundamental parameters, stars: late-type},
     year = 2014,
    month = oct,
   volume = 570,
      eid = {A122},
    pages = {A122},
      doi = {10.1051/0004-6361/201423937},
   adsurl = {http://adsabs.harvard.edu/abs/2014A%26A...570A.122S},
  adsnote = {Provided by the SAO/NASA Astrophysics Data System}
}

@ARTICLE{Smith2013,
   author = {{Smith}, V.~V. and {Cunha}, K. and {Shetrone}, M.~D. and {Meszaros}, S. and
    {Allende Prieto}, C. and {Bizyaev}, D. and {Garc{\`i}a P{\`e}rez}, A. and
    {Majewski}, S.~R. and {Schiavon}, R. and {Holtzman}, J. and
    {Johnson}, J.~A.},
    title = "{Chemical Abundances in Field Red Giants from High-resolution H-band Spectra Using the APOGEE Spectral Linelist}",
  journal = {\apj},
 archivePrefix = "arXiv",
   eprint = {1212.4091},
 primaryClass = "astro-ph.SR",
 keywords = {stars: abundances, stars: late-type },
     year = 2013,
    month = mar,
   volume = 765,
      eid = {16},
    pages = {16},
      doi = {10.1088/0004-637X/765/1/16},
   adsurl = {http://adsabs.harvard.edu/abs/2013ApJ...765...16S},
  adsnote = {Provided by the SAO/NASA Astrophysics Data System}
}

@PHDTHESIS{Sneden1973,
   author = {{Sneden}, C.~A.},
    title = "{Carbon and Nitrogen Abundances in Metal-Poor Stars.}",
   school = {THE UNIVERSITY OF TEXAS AT AUSTIN.},
     year = 1973,
   adsurl = {http://adsabs.harvard.edu/abs/1973PhDT.......180S},
  adsnote = {Provided by the SAO/NASA Astrophysics Data System}
}

@ARTICLE{Soubiran2008,
   author = {{Soubiran}, C. and {Bienaym{\'e}}, O. and {Mishenina}, T.~V. and
  {Kovtyukh}, V.~V.},
    title = "{Vertical distribution of Galactic disk stars. IV. AMR and AVR from clump giants}",
  journal = {\aap},
 archivePrefix = "arXiv",
   eprint = {0712.1370},
 keywords = {stars: kinematics, stars: fundamental parameters, Galaxy: disk, Galaxy: structure, solar neighbourhood},
     year = 2008,
    month = mar,
   volume = 480,
    pages = {91-101},
      doi = {10.1051/0004-6361:20078788},
   adsurl = {http://adsabs.harvard.edu/abs/2008A%26A...480...91S},
  adsnote = {Provided by the SAO/NASA Astrophysics Data System}
}

@ARTICLE{Soubiran2016,
   author = {{Soubiran}, C. and {Le Campion}, J.-F. and {Brouillet}, N. and
  {Chemin}, L.},
    title = "{The PASTEL catalogue: 2016 version}",
  journal = {\aap},
 archivePrefix = "arXiv",
   eprint = {1605.07384},
 primaryClass = "astro-ph.SR",
 keywords = {catalogs, stars: abundances, stars: atmospheres, stars: fundamental parameters},
     year = 2016,
    month = jun,
   volume = 591,
      eid = {A118},
    pages = {A118},
      doi = {10.1051/0004-6361/201628497},
   adsurl = {http://cdsads.u-strasbg.fr/abs/2016A%26A...591A.118S},
  adsnote = {Provided by the SAO/NASA Astrophysics Data System}
}

@ARTICLE{Sousa2007,
    author = {{Sousa}, S.~G. and {Santos}, N.~C. and {Israelian}, G. and {Mayor}, M. and
    {Monteiro}, M.~J.~P.~F.~G.},
    title = "{A new code for automatic determination of equivalent widths: Automatic Routine for line Equivalent widths in stellar Spectra (ARES)}",
    journal = {\aap},
    eprint = {astro-ph/0703696},
    keywords = {methods: data analysis, techniques: spectroscopic, stars: abundances, stars: fundamental parameters},
    year = 2007,
    month = jul,
    volume = 469,
    pages = {783-791},
    doi = {10.1051/0004-6361:20077288},
    adsurl = {http://adsabs.harvard.edu/abs/2007A%26A...469..783S},
    adsnote = {Provided by the SAO/NASA Astrophysics Data System}
}

@ARTICLE{Sousa2008a,
   author = {{Sousa}, S.~G. and {Santos}, N.~C. and {Mayor}, M. and {Udry}, S. and
    {Casagrande}, L. and {Israelian}, G. and {Pepe}, F. and {Queloz}, D. and
    {Monteiro}, M.~J.~P.~F.~G.},
    title = "{Spectroscopic parameters for 451 stars in the HARPS GTO planet search program. Stellar [Fe/H] and the frequency of exo-Neptunes}",
  journal = {\aap},
 archivePrefix = "arXiv",
   eprint = {0805.4826},
 keywords = {methods: data analysis, techniques: spectroscopic, stars:
            fundamental parameters, stars: planetary systems, stars:
            planetary systems: formation, Galaxy: solar neighborhood},
     year = 2008,
    month = aug,
   volume = 487,
    pages = {373-381},
      doi = {10.1051/0004-6361:200809698},
   adsurl = {http://adsabs.harvard.edu/abs/2008A%26A...487..373S},
  adsnote = {Provided by the SAO/NASA Astrophysics Data System}
}

@ARTICLE{Sousa2011,
   author = {{Sousa}, S.~G. and {Santos}, N.~C. and {Israelian}, G. and {Mayor}, M. and
    {Udry}, S.},
    title = "{Spectroscopic stellar parameters for 582 FGK stars in the HARPS volume-limited sample. Revising the metallicity-planet correlation}",
  journal = {\aap},
 archivePrefix = "arXiv",
   eprint = {1108.5279},
 primaryClass = "astro-ph.EP",
 keywords = {stars: fundamental parameters, planetary systems, stars: abundances, stars: statistics},
     year = 2011,
    month = sep,
   volume = 533,
      eid = {A141},
    pages = {A141},
      doi = {10.1051/0004-6361/201117699},
   adsurl = {http://adsabs.harvard.edu/abs/2011A%26A...533A.141S},
  adsnote = {Provided by the SAO/NASA Astrophysics Data System}
}

@ARTICLE{Sousa2011b,
   author = {{Sousa}, S.~G. and {Santos}, N.~C. and {Israelian}, G. and {Lovis}, C. and
  {Mayor}, M. and {Silva}, P.~B. and {Udry}, S.},
    title = "{Spectroscopic characterization of a sample of metal-poor solar-type stars from the HARPS planet search program. Precise spectroscopic parameters and mass estimation}",
  journal = {\aap},
 archivePrefix = "arXiv",
   eprint = {1012.1528},
 primaryClass = "astro-ph.SR",
 keywords = {stars: fundamental parameters, planetary systems, stars: abundances, stars: statistics},
     year = 2011,
    month = feb,
   volume = 526,
      eid = {A99},
    pages = {A99},
      doi = {10.1051/0004-6361/201015646},
   adsurl = {http://adsabs.harvard.edu/abs/2011A%26A...526A..99S},
  adsnote = {Provided by the SAO/NASA Astrophysics Data System}
}

@ARTICLE{Sousa2012,
   author = {{Sousa}, S.~G. and {Santos}, N.~C. and {Israelian}, G.},
    title = "{TMCalc - a fast code to derive Teff and [Fe/H] for FGK stars}",
  journal = {\aap},
 archivePrefix = "arXiv",
   eprint = {1209.0342},
 primaryClass = "astro-ph.SR",
 keywords = {stars: fundamental parameters, stars: abundances, stars: statistics, methods: data analysis, techniques: spectroscopic},
     year = 2012,
    month = aug,
   volume = 544,
      eid = {A122},
    pages = {A122},
      doi = {10.1051/0004-6361/201219260},
   adsurl = {http://adsabs.harvard.edu/abs/2012A%26A...544A.122S},
  adsnote = {Provided by the SAO/NASA Astrophysics Data System}
}

@ARTICLE{Sousa2014,
   author = {{Sousa}, S.~G.},
    title = "{ARES+MOOG - a practical overview of an EW method to derive stellar parameters}",
  journal = {ArXiv e-prints},
 archivePrefix = "arXiv",
   eprint = {1407.5817},
 primaryClass = "astro-ph.SR",
 keywords = {Astrophysics - Solar and Stellar Astrophysics},
     year = 2014,
    month = jul,
   adsurl = {http://adsabs.harvard.edu/abs/2014arXiv1407.5817S},
  adsnote = {Provided by the SAO/NASA Astrophysics Data System}
}

@ARTICLE{Sousa2015a,
   author = {{Sousa}, S.~G. and {Santos}, N.~C. and {Adibekyan}, V. and {Delgado-Mena}, E. and
    {Israelian}, G.},
    title = "{ARES v2: new features and improved performance}",
  journal = {\aap},
 archivePrefix = "arXiv",
   eprint = {1504.02725},
 primaryClass = "astro-ph.IM",
 keywords = {techniques: spectroscopic, methods: data analysis, stars: solar-type, stars: abundances},
     year = 2015,
    month = may,
   volume = 577,
      eid = {A67},
    pages = {A67},
      doi = {10.1051/0004-6361/201425463},
   adsurl = {http://adsabs.harvard.edu/abs/2015A%26A...577A..67S},
  adsnote = {Provided by the SAO/NASA Astrophysics Data System}
}

@ARTICLE{Sousa2015b,
   author = {{Sousa}, S.~G. and {Santos}, N.~C. and {Mortier}, A. and {Tsantaki}, M. and
    {Adibekyan}, V. and {Delgado Mena}, E. and {Israelian}, G. and
    {Rojas-Ayala}, B. and {Neves}, V.},
    title = "{Homogeneous spectroscopic parameters for bright planet host stars from the northern hemisphere . The impact on stellar and planetary mass}",
  journal = {\aap},
 archivePrefix = "arXiv",
   eprint = {1503.02443},
 primaryClass = "astro-ph.SR",
 keywords = {planetary systems, stars: solar-type, catalogs, stars: abundances},
     year = 2015,
    month = apr,
   volume = 576,
      eid = {A94},
    pages = {A94},
      doi = {10.1051/0004-6361/201425227},
   adsurl = {http://adsabs.harvard.edu/abs/2015A%26A...576A..94S},
  adsnote = {Provided by the SAO/NASA Astrophysics Data System}
}

@INPROCEEDINGS{SPIROU1,
   author = {{Delfosse}, X. and {Donati}, J.-F. and {Kouach}, D. and {H{\'e}brard}, G. and
    {Doyon}, R. and {Artigau}, E. and {Bouchy}, F. and {Boisse}, I. and
    {Brun}, A.~S. and {Hennebelle}, P. and {Widemann}, T. and {Bouvier}, J. and
    {Bonfils}, X. and {Morin}, J. and {Moutou}, C. and {Pepe}, F. and
    {Udry}, S. and {do Nascimento}, J.-D. and {Alencar}, S.~H.~P. and
    {Castilho}, B.~V. and {Martioli}, E. and {Wang}, S.~Y. and {Figueira}, P. and
    {Santos}, N.~C.},
    title = "{World-leading science with SPIRou - The nIR spectropolarimeter / high-precision velocimeter for CFHT}",
 keywords = {Extrasolar planets, Super-Earths in the habitable zone, Star / planet formation, Stellar magnetic fields, Velocimetry, Spectropolarimetry.},
 booktitle = {SF2A-2013: Proceedings of the Annual meeting of the French Society of Astronomy and Astrophysics},
     year = 2013,
 archivePrefix = "arXiv",
   eprint = {1310.2991},
 primaryClass = "astro-ph.IM",
   editor = {{Cambresy}, L. and {Martins}, F. and {Nuss}, E. and {Palacios}, A.
    },
    month = nov,
    pages = {497-508},
   adsurl = {http://adsabs.harvard.edu/abs/2013sf2a.conf..497D},
  adsnote = {Provided by the SAO/NASA Astrophysics Data System}
}

@INPROCEEDINGS{SPIROU2,
   author = {{Artigau}, {\'E}. and {Kouach}, D. and {Donati}, J.-F. and {Doyon}, R. and
    {Delfosse}, X. and {Baratchart}, S. and {Lacombe}, M. and {Moutou}, C. and
    {Rabou}, P. and {Par{\`e}s}, L.~P. and {Micheau}, Y. and {Thibault}, S. and
    {Reshetov}, V.~A. and {Dubois}, B. and {Hernandez}, O. and {Vall{\'e}e}, P. and
    {Wang}, S.-Y. and {Dolon}, F. and {Pepe}, F.~A. and {Bouchy}, F. and
    {Striebig}, N. and {H{\'e}nault}, F. and {Loop}, D. and {Saddlemyer}, L. and
    {Barrick}, G. and {Vermeulen}, T. and {Dupieux}, M. and {H{\'e}brard}, G. and
    {Boisse}, I. and {Martioli}, E. and {Alencar}, S.~H.~P. and
    {do Nascimento}, J.-D. and {Figueira}, P.},
    title = "{SPIRou: the near-infrared spectropolarimeter/high-precision velocimeter for the Canada-France-Hawaii telescope}",
 booktitle = {Society of Photo-Optical Instrumentation Engineers (SPIE) Conference Series},
     year = 2014,
   series = {Society of Photo-Optical Instrumentation Engineers (SPIE) Conference Series},
   volume = 9147,
 archivePrefix = "arXiv",
   eprint = {1406.6992},
 primaryClass = "astro-ph.IM",
    month = jul,
      eid = {914715},
    pages = {15},
      doi = {10.1117/12.2055663},
   adsurl = {http://adsabs.harvard.edu/abs/2014SPIE.9147E..15A},
  adsnote = {Provided by the SAO/NASA Astrophysics Data System}
}

@ARTICLE{Takeda2008,
   author = {{Takeda}, Y. and {Sato}, B. and {Murata}, D.},
    title = "{Stellar Parameters and Elemental Abundances of Late-G Giants}",
  journal = {\pasj},
 archivePrefix = "arXiv",
   eprint = {0805.2434},
     year = 2008,
    month = aug,
   volume = 60,
    pages = {781-802},
      doi = {10.1093/pasj/60.4.781},
   adsurl = {http://adsabs.harvard.edu/abs/2008PASJ...60..781T},
  adsnote = {Provided by the SAO/NASA Astrophysics Data System}
}

@ARTICLE{Torres2008,
   author = {{Torres}, G. and {Winn}, J.~N. and {Holman}, M.~J.},
    title = "{Improved Parameters for Extrasolar Transiting Planets}",
  journal = {\apj},
 archivePrefix = "arXiv",
   eprint = {0801.1841},
 keywords = {Methods: Data Analysis, Stars: Planetary Systems, Stars: Abundances, Stars: Fundamental Parameters, Techniques: Spectroscopic},
     year = 2008,
    month = apr,
   volume = 677,
    pages = {1324-1342},
      doi = {10.1086/529429},
   adsurl = {http://adsabs.harvard.edu/abs/2008ApJ...677.1324T},
  adsnote = {Provided by the SAO/NASA Astrophysics Data System}
}

@ARTICLE{Torres2010,
   author = {{Torres}, G. and {Andersen}, J. and {Gim{\'e}nez}, A.},
    title = "{Accurate masses and radii of normal stars: modern results and applications}",
  journal = {\aapr},
 archivePrefix = "arXiv",
   eprint = {0908.2624},
 primaryClass = "astro-ph.SR",
 keywords = {Stars: fundamental parameters, Stars: binaries: eclipsing, Stars: binaries: spectroscopic, Stars: interiors, Stars: evolution},
     year = 2010,
    month = feb,
   volume = 18,
    pages = {67-126},
      doi = {10.1007/s00159-009-0025-1},
   adsurl = {http://adsabs.harvard.edu/abs/2010A%26ARv..18...67T},
  adsnote = {Provided by the SAO/NASA Astrophysics Data System}
}

@ARTICLE{Torres2012,
   author = {{Torres}, G. and {Fischer}, D.~A. and {Sozzetti}, A. and {Buchhave}, L.~A. and
    {Winn}, J.~N. and {Holman}, M.~J. and {Carter}, J.~A.},
    title = "{Improved Spectroscopic Parameters for Transiting Planet Hosts}",
  journal = {\apj},
 archivePrefix = "arXiv",
   eprint = {1208.1268},
 primaryClass = "astro-ph.SR",
 keywords = {planetary systems, stars: abundances, stars: fundamental parameters, techniques: spectroscopic},
     year = 2012,
    month = oct,
   volume = 757,
      eid = {161},
    pages = {161},
      doi = {10.1088/0004-637X/757/2/161},
   adsurl = {http://adsabs.harvard.edu/abs/2012ApJ...757..161T},
  adsnote = {Provided by the SAO/NASA Astrophysics Data System}
}

@ARTICLE{Tsantaki2013,
   author = {{Tsantaki}, M. and {Sousa}, S.~G. and {Adibekyan}, V.~Z. and
    {Santos}, N.~C. and {Mortier}, A. and {Israelian}, G.},
    title = "{Deriving precise parameters for cool solar-type stars. Optimizing the iron line list}",
  journal = {\aap},
 archivePrefix = "arXiv",
   eprint = {1304.6639},
 primaryClass = "astro-ph.SR",
 keywords = {stars: fundamental parameters, techniques: spectroscopic},
     year = 2013,
    month = jul,
   volume = 555,
      eid = {A150},
    pages = {A150},
      doi = {10.1051/0004-6361/201321103},
   adsurl = {http://adsabs.harvard.edu/abs/2013A%26A...555A.150T},
  adsnote = {Provided by the SAO/NASA Astrophysics Data System}
}

@ARTICLE{Tsantaki2014,
   author = {{Tsantaki}, M. and {Sousa}, S.~G. and {Santos}, N.~C. and {Montalto}, M. and
  {Delgado-Mena}, E. and {Mortier}, A. and {Adibekyan}, V. and
  {Israelian}, G.},
    title = "{Spectroscopic parameters for solar-type stars with moderate-to-high rotation. New parameters for ten planet hosts}",
  journal = {\aap},
 archivePrefix = "arXiv",
   eprint = {1407.6765},
 primaryClass = "astro-ph.SR",
 keywords = {techniques: spectroscopic, stars: fundamental parameters, planets and, satellites: fundamental parameters},
     year = 2014,
    month = oct,
   volume = 570,
      eid = {A80},
    pages = {A80},
      doi = {10.1051/0004-6361/201424257},
   adsurl = {http://adsabs.harvard.edu/abs/2014A%26A...570A..80T},
  adsnote = {Provided by the SAO/NASA Astrophysics Data System}
}

@ARTICLE{Tsantaki2017,
   author = {{Tsantaki}, M. and {Andreasen}, D.~T. and {Teixeira}, G.~D.~C. and
             {Sousa}, S.~G. and {Santos}, N.~C. and {Delgado-Mena}, E. and
             {Bruzual}, G.},
    title = "{Atmospheric stellar parameters for large surveys using FASMA: a
              new spectral synthesis package}",
  journal = {\mnras},
 archivePrefix = "arXiv",
   eprint = {1304.6639},
 primaryClass = "astro-ph.SR",
 keywords = {techniques: spectroscopic, surveys, stars: fundamental parameters,
             stars: atmospheres},
     year = 2017,
    month = mar,
   volume = 555,
      eid = {A150},
    pages = {A150},
      doi = {10.1051/0004-6361/201321103},
   adsurl = {http://adsabs.harvard.edu/abs/2013A%26A...555A.150T},
  adsnote = {Provided by the SAO/NASA Astrophysics Data System}
}

@INPROCEEDINGS{UVES,
   author = {{Dekker}, H. and {D'Odorico}, S. and {Kaufer}, A. and {Delabre}, B. and
    {Kotzlowski}, H.},
    title = "{Design, construction, and performance of UVES, the echelle spectrograph for the UT2 Kueyen Telescope at the ESO Paranal Observatory}",
 booktitle = {Optical and IR Telescope Instrumentation and Detectors},
     year = 2000,
   series = {\procspie},
   volume = 4008,
   editor = {{Iye}, M. and {Moorwood}, A.~F.},
    month = aug,
    pages = {534-545},
   adsurl = {http://esoads.eso.org/abs/2000SPIE.4008..534D},
  adsnote = {Provided by the SAO/NASA Astrophysics Data System}
}

@ARTICLE{VALD1,
   author = {{Piskunov}, N.~E. and {Kupka}, F. and {Ryabchikova}, T.~A. and
    {Weiss}, W.~W. and {Jeffery}, C.~S.},
    title = "{VALD: The Vienna Atomic Line Data Base.}",
  journal = {\aaps},
 keywords = {ATOMIC DATA, STARS: ABUNDANCES, ASTRONOMICAL DATA BASES: MISCELLANEOUS},
     year = 1995,
    month = sep,
   volume = 112,
    pages = {525},
   adsurl = {http://adsabs.harvard.edu/abs/1995A%26AS..112..525P},
  adsnote = {Provided by the SAO/NASA Astrophysics Data System}
}

@ARTICLE{VALD2,
   author = {{Kupka}, F.~G. and {Ryabchikova}, T.~A. and {Piskunov}, N.~E. and
    {Stempels}, H.~C. and {Weiss}, W.~W.},
    title = "{VALD-2 -- The New Vienna Atomic Line Database}",
  journal = {Baltic Astronomy},
 keywords = {ATOMIC DATA, METHODS: SPECTROSCOPIC, STARS: ABUNDANCES, STARS: CHEMICALLY PECULIAR},
     year = 2000,
   volume = 9,
    pages = {590-594},
   adsurl = {http://adsabs.harvard.edu/abs/2000BaltA...9..590K},
  adsnote = {Provided by the SAO/NASA Astrophysics Data System}
}

@ARTICLE{Valenti1996,
   author = {{Valenti}, J.~A. and {Piskunov}, N.},
    title = "{Spectroscopy made easy: A new tool for fitting observations with synthetic spectra.}",
  journal = {\aaps},
 keywords = {RADIATIVE TRANSFER, METHODS: NUMERICAL, TECHNIQUES: SPECTROSCOPIC, STARS: FUNDAMENTAL PARAMETERS, SUN: FUNDAMENTAL PARAMETERS, ATOMIC DATA},
     year = 1996,
    month = sep,
   volume = 118,
    pages = {595-603},
   adsurl = {http://adsabs.harvard.edu/abs/1996A%26AS..118..595V},
  adsnote = {Provided by the SAO/NASA Astrophysics Data System}
}

@ARTICLE{Valenti2005,
   author = {{Valenti}, J.~A. and {Fischer}, D.~A.},
    title = "{Spectroscopic Properties of Cool Stars (SPOCS). I. 1040 F, G, and K Dwarfs from Keck, Lick, and AAT Planet Search Programs}",
  journal = {\apjs},
 keywords = {Catalogs, Stars: Abundances, Stars: Fundamental Parameters, Stars: Late-Type, Techniques: Spectroscopic},
     year = 2005,
    month = jul,
   volume = 159,
    pages = {141-166},
      doi = {10.1086/430500},
   adsurl = {http://adsabs.harvard.edu/abs/2005ApJS..159..141V},
  adsnote = {Provided by the SAO/NASA Astrophysics Data System}
}

@ARTICLE{Vanderburg2015,
   author = {{Vanderburg}, A. and {Montet}, B.~T. and {Johnson}, J.~A. and
  {Buchhave}, L.~A. and {Zeng}, L. and {Pepe}, F. and {Collier Cameron}, A. and
  {Latham}, D.~W. and {Molinari}, E. and {Udry}, S. and {Lovis}, C. and
  {Matthews}, J.~M. and {Cameron}, C. and {Law}, N. and {Bowler}, B.~P. and
  {Angus}, R. and {Baranec}, C. and {Bieryla}, A. and {Boschin}, W. and
  {Charbonneau}, D. and {Cosentino}, R. and {Dumusque}, X. and
  {Figueira}, P. and {Guenther}, D.~B. and {Harutyunyan}, A. and
  {Hellier}, C. and {Kuschnig}, R. and {Lopez-Morales}, M. and
  {Mayor}, M. and {Micela}, G. and {Moffat}, A.~F.~J. and {Pedani}, M. and
  {Phillips}, D.~F. and {Piotto}, G. and {Pollacco}, D. and {Queloz}, D. and
  {Rice}, K. and {Riddle}, R. and {Rowe}, J.~F. and {Rucinski}, S.~M. and
  {Sasselov}, D. and {S{\'e}gransan}, D. and {Sozzetti}, A. and
  {Szentgyorgyi}, A. and {Watson}, C. and {Weiss}, W.~W.},
    title = "{Characterizing K2 Planet Discoveries: A Super-Earth Transiting the Bright K Dwarf HIP 116454}",
  journal = {\apj},
 archivePrefix = "arXiv",
   eprint = {1412.5674},
 primaryClass = "astro-ph.EP",
 keywords = {planets and satellites: detection, techniques: photometric},
     year = 2015,
    month = feb,
   volume = 800,
      eid = {59},
    pages = {59},
      doi = {10.1088/0004-637X/800/1/59},
   adsurl = {http://adsabs.harvard.edu/abs/2015ApJ...800...59V},
  adsnote = {Provided by the SAO/NASA Astrophysics Data System}
}

@ARTICLE{West2016,
   author = {{West}, R.~G. and {Hellier}, C. and {Almenara}, J.-M. and {Anderson}, D.~R. and
  {Barros}, S.~C.~C. and {Bouchy}, F. and {Brown}, D.~J.~A. and
  {Collier Cameron}, A. and {Deleuil}, M. and {Delrez}, L. and
  {Doyle}, A.~P. and {Faedi}, F. and {Fumel}, A. and {Gillon}, M. and
  {G{\'o}mez Maqueo Chew}, Y. and {H{\'e}brard}, G. and {Jehin}, E. and
  {Lendl}, M. and {Maxted}, P.~F.~L. and {Pepe}, F. and {Pollacco}, D. and
  {Queloz}, D. and {S{\'e}gransan}, D. and {Smalley}, B. and {Smith}, A.~M.~S. and
  {Southworth}, J. and {Triaud}, A.~H.~M.~J. and {Udry}, S.},
    title = "{Three irradiated and bloated hot Jupiters:. WASP-76b, WASP-82b, and WASP-90b}",
  journal = {\aap},
 archivePrefix = "arXiv",
   eprint = {1310.5607},
 primaryClass = "astro-ph.EP",
 keywords = {planetary systems, stars: individual: WASP-76, stars: individual: WASP-82, stars: individual: WASP-90},
     year = 2016,
    month = jan,
   volume = 585,
      eid = {A126},
    pages = {A126},
      doi = {10.1051/0004-6361/201527276},
   adsurl = {http://adsabs.harvard.edu/abs/2016A%26A...585A.126W},
  adsnote = {Provided by the SAO/NASA Astrophysics Data System}
}

@ARTICLE{Wilson2016,
   author = {{Wilson}, P.~A. and {H{\'e}brard}, G. and {Santos}, N.~C. and
  {Sahlmann}, J. and {Montagnier}, G. and {Astudillo-Defru}, N. and
  {Boisse}, I. and {Bouchy}, F. and {Rey}, J. and {Arnold}, L. and
  {Bonfils}, X. and {Bourrier}, V. and {Courcol}, B. and {Deleuil}, M. and
  {Delfosse}, X. and {D{\'{\i}}az}, R.~F. and {Ehrenreich}, D. and
  {Forveille}, T. and {Moutou}, C. and {Pepe}, F. and {Santerne}, A. and
  {S{\'e}gransan}, D. and {Udry}, S.},
    title = "{The SOPHIE search for northern extrasolar planets. IX. Populating the brown dwarf desert}",
  journal = {\aap},
 archivePrefix = "arXiv",
   eprint = {1602.02749},
 primaryClass = "astro-ph.EP",
 keywords = {techniques: radial velocities, stars: general, brown dwarfs},
     year = 2016,
    month = apr,
   volume = 588,
      eid = {A144},
    pages = {A144},
      doi = {10.1051/0004-6361/201527581},
   adsurl = {http://adsabs.harvard.edu/abs/2016A%26A...588A.144W},
  adsnote = {Provided by the SAO/NASA Astrophysics Data System}
}

@ARTICLE{Woolf2006,
    author = {{Woolf}, V.~M. and {Wallerstein}, G.},
    title = "{Calibrating M Dwarf Metallicities Using Molecular Indices}",
    journal = {\pasp},
    eprint = {astro-ph/0510148},
    keywords = {Stars: Abundances, Stars: Late-Type, Stars: Subdwarfs},
    year = 2006,
    month = feb,
    volume = 118,
    pages = {218-226},
    doi = {10.1086/498459},
    adsurl = {http://adsabs.harvard.edu/abs/2006PASP..118..218W},
    adsnote = {Provided by the SAO/NASA Astrophysics Data System}
}

@ARTICLE{Worley2016,
   author = {{Worley}, C.~C. and {de Laverny}, P. and {Recio-Blanco}, A. and
  {Hill}, V. and {Bijaoui}, A.},
    title = "{The AMBRE Project: Stellar parameterisation of the ESO:UVES archived spectra}",
  journal = {\aap},
 archivePrefix = "arXiv",
   eprint = {1602.08478},
 primaryClass = "astro-ph.SR",
 keywords = {methods: data analysis, astronomical databases: miscellaneous, stars: fundamental parameters, techniques: spectroscopic},
     year = 2016,
    month = jun,
   volume = 591,
      eid = {A81},
    pages = {A81},
      doi = {10.1051/0004-6361/201526814},
   adsurl = {http://adsabs.harvard.edu/abs/2016A%26A...591A..81W},
  adsnote = {Provided by the SAO/NASA Astrophysics Data System}
}

@ARTICLE{Zhou2014,
   author = {{Zhou}, G. and {Bayliss}, D. and {Penev}, K. and {Bakos}, G.~{\'A}. and
  {Hartman}, J.~D. and {Jord{\'a}n}, A. and {Mancini}, L. and
  {Mohler}, M. and {Csubry}, Z. and {Ciceri}, S. and {Brahm}, R. and
  {Rabus}, M. and {Buchhave}, L. and {Henning}, T. and {Suc}, V. and
  {Espinoza}, N. and {B{\'e}ky}, B. and {Noyes}, R.~W. and {Schmidt}, B. and
  {Butler}, R.~P. and {Shectman}, S. and {Thompson}, I. and {Crane}, J. and
  {Sato}, B. and {Cs{\'a}k}, B. and {L{\'a}z{\'a}r}, J. and {Papp}, I. and
  {S{\'a}ri}, P. and {Nikolov}, N.},
    title = "{HATS-5b: A Transiting Hot Saturn from the HATSouth Survey}",
  journal = {\aj},
 archivePrefix = "arXiv",
   eprint = {1401.1582},
 primaryClass = "astro-ph.EP",
 keywords = {stars: individual: HATS-5 GSC 5897-00933, techniques: photometric, techniques: spectroscopic},
     year = 2014,
    month = jun,
   volume = 147,
      eid = {144},
    pages = {144},
      doi = {10.1088/0004-6256/147/6/144},
   adsurl = {http://adsabs.harvard.edu/abs/2014AJ....147..144Z},
  adsnote = {Provided by the SAO/NASA Astrophysics Data System}
}

@ARTICLE{Zielinski2012,
   author = {{Zieli{\'n}ski}, P. and {Niedzielski}, A. and {Wolszczan}, A. and
    {Adam{\'o}w}, M. and {Nowak}, G.},
    title = "{The Penn State-Toru{\'n} Centre for Astronomy Planet Search stars. I. Spectroscopic analysis of 348 red giants}",
  journal = {\aap},
 archivePrefix = "arXiv",
   eprint = {1206.6276},
 primaryClass = "astro-ph.EP",
 keywords = {stars: fundamental parameters, stars: atmospheres, stars: late-type, stars: abundances, planetary systems},
     year = 2012,
    month = nov,
   volume = 547,
      eid = {A91},
    pages = {A91},
      doi = {10.1051/0004-6361/201117775},
   adsurl = {http://adsabs.harvard.edu/abs/2012A%26A...547A..91Z},
  adsnote = {Provided by the SAO/NASA Astrophysics Data System}
}
